@article{tintori2016transcriptional,
  title={A transcriptional lineage of the early C. elegans embryo},
  author={Tintori, Sophia C and Nishimura, Erin Osborne and Golden, Patrick and Lieb, Jason D and Goldstein, Bob},
  journal={Developmental cell},
  volume={38},
  number={4},
  pages={430--444},
  year={2016},
  publisher={Elsevier}
}

@article{simon2007analysis,
  title={Analysis of gene expression data using BRB-array tools},
  author={Simon, Richard and Lam, Amy and Li, Ming-Chung and Ngan, Michael and Menenzes, Supriya and Zhao, Yingdong},
  journal={Cancer informatics},
  volume={3},
  year={2007},
  publisher={Libertas Academica Ltd.}
}

@article{mungall2007chado,
  title={A Chado case study: an ontology-based modular schema for representing genome-associated biological information},
  author={Mungall, Christopher J and Emmert, David B and FlyBase Consortium and others},
  journal={Bioinformatics},
  volume={23},
  number={13},
  pages={i337--i346},
  year={2007},
  publisher={Oxford Univ Press}
}

@article{stegle2015computational,
  title={Computational and analytical challenges in single-cell transcriptomics},
  author={Stegle, Oliver and Teichmann, Sarah A and Marioni, John C},
  journal={Nature Reviews Genetics},
  volume={16},
  number={3},
  pages={133--145},
  year={2015},
  publisher={Nature Research}
}

@article{khatri2005ontological,
  title={Ontological analysis of gene expression data: current tools, limitations, and open problems},
  author={Khatri, Purvesh and Dr{\u{a}}ghici, Sorin},
  journal={Bioinformatics},
  volume={21},
  number={18},
  pages={3587--3595},
  year={2005},
  publisher={Oxford Univ Press}
}

@article{hibbs2005visualization,
  title={Visualization methods for statistical analysis of microarray clusters},
  author={Hibbs, Matthew A and Dirksen, Nathaniel C and Li, Kai and Troyanskaya, Olga G},
  journal={BMC bioinformatics},
  volume={6},
  number={1},
  pages={115},
  year={2005},
  publisher={BioMed Central}
}

@misc{zeroinflatedmodels,
  title = {{Do We Really Need Zero-Inflated Models?}},
  howpublished = {\url{https://statisticalhorizons.com/zero-inflated-models}},
  author = {Allison, P.},
  note = {Accessed: 2017-05-30}
}

@misc{ncbi,
  title = {{NCBI database}},
  howpublished = {\url{https://www.ncbi.nlm.nih.gov}},
  note = {Accessed: 2017-07-03}
}

@misc{scworkflow,
  title = {{A step-by-step workflow for low-level analysis of single-cell RNA-seq data with Bioconductor}},
  howpublished = {\url{https://www.bioconductor.org/help/workflows/simpleSingleCell/}},
  author = {Lun, A. and McCarthy, D. and Marioni, J.},
  note = {Accessed: 2017-06-05}
}

@misc{hurdlemodels,
  title = {{Getting started with Hurdle Models}},
  howpublished = {\url{http://data.library.virginia.edu/getting-started-with-hurdle-models/}},
  author = {Ford, C.},
  note = {Accessed: 2017-05-30}
}

@misc{mast,
  title = {{Using MAST with RNASeq: MAIT Analysis}},
  howpublished = {\url{https://bioconductor.org/packages/release/bioc/vignettes/MAST/inst/doc/MAITAnalysis.html}},
  author = {Greg Finak, Andrew McDavid, Masanao Yajima, Jingyuan Deng, Vivian Gersuk, Alex Shalek, Chloe K. Schlicter, Hannah W. Miller, M. Juliana McElrath, Martin Prlic, Peter Linsley, Raphael Gottardo},
  note = {Accessed: 2017-05-29}
}

@misc{mast,
  title = {{Count data and GLMs: choosing among Poisson, negative binomial, and zero-inflated models}},
  howpublished = {\url{http://datavoreconsulting.com/programming-tips/count-data-glms-choosing-poisson-negative-binomial-zero-inflated-poisson/}},
  author = {Hinkelman, T.},
  note = {Accessed: 2017-05-30}
}

@misc{modelmarginaldependenceseparate,
  title = {{Modeling the marginals and the dependence separately}},
  howpublished = {\url{http://freakonometrics.hypotheses.org/tag/copula}},
  author = {Charpentier, A.},
  note = {Accessed: 2017-05-29}
}

@misc{unifmarginals,
  title = {{Copula estimation and influence of margins}},
  howpublished = {\url{http://freakonometrics.hypotheses.org/2432}},
  author = {Charpentier, A.},
  note = {Accessed: 2017-06-09}
}

@misc{modellingcopulas,
  title = {{Modelling dependence with copulas}},
  howpublished = {\url{https://datascienceplus.com/modelling-dependence-with-copulas/}},
  author = {Alice, M.},
  note = {Accessed: 2017-05-29}
}

@misc{ngswikibooks,
  title = {{Next Generation Sequencing (WikiBooks)}},
  author = {Wikibooks},
  howpublished = {\url{https://en.wikibooks.org/wiki/Next\_Generation\_Sequencing\_(NGS)}},
  note = {Accessed: 2017-03-06}
}

@misc{andrews2010fastqc,
  title={FastQC: a quality control tool for high throughput sequence data},
  author={Andrews, Simon and others},
  year={2010}
}

@article{bolger2014trimmomatic,
  title={Trimmomatic: a flexible trimmer for Illumina sequence data},
  author={Bolger, Anthony M and Lohse, Marc and Usadel, Bjoern},
  journal={Bioinformatics},
  pages={btu170},
  year={2014},
  publisher={Oxford Univ Press}
}

@article{langmead2012fast,
  title={Fast gapped-read alignment with Bowtie 2},
  author={Langmead, Ben and Salzberg, Steven L},
  journal={Nature methods},
  volume={9},
  number={4},
  pages={357--359},
  year={2012},
  publisher={Nature Research}
}

@article{li2009sequence,
  title={The sequence alignment/map format and SAMtools},
  author={Li, Heng and Handsaker, Bob and Wysoker, Alec and Fennell, Tim and Ruan, Jue and Homer, Nils and Marth, Gabor and Abecasis, Goncalo and Durbin, Richard and others},
  journal={Bioinformatics},
  volume={25},
  number={16},
  pages={2078--2079},
  year={2009},
  publisher={Oxford Univ Press}
}

@article{pertea2015stringtie,
  title={StringTie enables improved reconstruction of a transcriptome from RNA-seq reads},
  author={Pertea, Mihaela and Pertea, Geo M and Antonescu, Corina M and Chang, Tsung-Cheng and Mendell, Joshua T and Salzberg, Steven L},
  journal={Nature biotechnology},
  volume={33},
  number={3},
  pages={290--295},
  year={2015},
  publisher={Nature Research}
}

@article{conesa2016survey,
  title={A survey of best practices for RNA-seq data analysis},
  author={Conesa, Ana and Madrigal, Pedro and Tarazona, Sonia and Gomez-Cabrero, David and Cervera, Alejandra and McPherson, Andrew and Szcze{\'s}niak, Micha{\l} Wojciech and Gaffney, Daniel J and Elo, Laura L and Zhang, Xuegong and others},
  journal={Genome biology},
  volume={17},
  number={1},
  pages={13},
  year={2016},
  publisher={BioMed Central}
}
          
@article{poirion2016single,
  title={Single-Cell Transcriptomics Bioinformatics and Computational Challenges},
  author={Poirion, Olivier B and Zhu, Xun and Ching, Travers and Garmire, Lana},
  journal={Frontiers in Genetics},
  volume={7},
  year={2016},
  publisher={Frontiers Media SA}
}
          
@article{jiang2016quality,
  title={Quality control of single-cell RNA-seq by SinQC},
  author={Jiang, Peng and Thomson, James A and Stewart, Ron},
  journal={Bioinformatics},
  volume={32},
  number={16},
  pages={2514--2516},
  year={2016},
  publisher={Oxford Univ Press}
}
          
@article{katayama2013samstrt,
  title={SAMstrt: statistical test for differential expression in single-cell transcriptome with spike-in normalization},
  author={Katayama, Shintaro and T{\"o}h{\"o}nen, Virpi and Linnarsson, Sten and Kere, Juha},
  journal={Bioinformatics},
  volume={29},
  number={22},
  pages={2943--2945},
  year={2013},
  publisher={Oxford Univ Press}
}
          
@article{love2014moderated,
  title={Moderated estimation of fold change and dispersion for RNA-seq data with DESeq2},
  author={Love, Michael I and Huber, Wolfgang and Anders, Simon},
  journal={Genome biology},
  volume={15},
  number={12},
  pages={550},
  year={2014},
  publisher={BioMed Central}
}
          
@article{wolf2013principles,
  title={Principles of transcriptome analysis and gene expression quantification: an RNA-seq tutorial},
  author={Wolf, Jochen BW},
  journal={Molecular ecology resources},
  volume={13},
  number={4},
  pages={559--572},
  year={2013},
  publisher={Wiley Online Library}
}
          
@article{chang2015shiny,
  title={Shiny: web application framework for R},
  author={Chang, Winston and Cheng, Joe and Allaire, J and Xie, Yihui and McPherson, Jonathan},
  journal={R package version 0.11},
  volume={1},
  year={2015}
}
          
@article{ding2015normalization,
  title={Normalization and noise reduction for single cell RNA-seq experiments},
  author={Ding, Bo and Zheng, Lina and Zhu, Yun and Li, Nan and Jia, Haiyang and Ai, Rizi and Wildberg, Andre and Wang, Wei},
  journal={Bioinformatics},
  pages={btv122},
  year={2015},
  publisher={Oxford Univ Press}
}
          
@article{trapnell2012differential,
  title={Differential gene and transcript expression analysis of RNA-seq experiments with TopHat and Cufflinks},
  author={Trapnell, Cole and Roberts, Adam and Goff, Loyal and Pertea, Geo and Kim, Daehwan and Kelley, David R and Pimentel, Harold and Salzberg, Steven L and Rinn, John L and Pachter, Lior},
  journal={Nature protocols},
  volume={7},
  number={3},
  pages={562--578},
  year={2012},
  publisher={Nature Research}
}
          
@article{zhu2017detecting,
  title={Detecting heterogeneity in single-cell RNA-Seq data by non-negative matrix factorization},
  author={Zhu, Xun and Ching, Travers and Pan, Xinghua and Weissman, Sherman M and Garmire, Lana},
  journal={PeerJ},
  volume={5},
  pages={e2888},
  year={2017},
  publisher={PeerJ Inc.}
}
          
@article{chen2016detection,
  title={Detection of high variability in gene expression from single-cell RNA-seq profiling},
  author={Chen, Hung-I Harry and Jin, Yufang and Huang, Yufei and Chen, Yidong},
  journal={BMC genomics},
  volume={17},
  number={7},
  pages={508},
  year={2016},
  publisher={BioMed Central}
}
          
@article{elowitz2002stochastic,
  title={Stochastic gene expression in a single cell},
  author={Elowitz, Michael B and Levine, Arnold J and Siggia, Eric D and Swain, Peter S},
  journal={Science},
  volume={297},
  number={5584},
  pages={1183--1186},
  year={2002},
  publisher={American Association for the Advancement of Science}
}
          
@article{sauwen2015hierarchical,
  title={Hierarchical non-negative matrix factorization to characterize brain tumor heterogeneity using multi-parametric MRI},
  author={Sauwen, Nicolas and Sima, Diana M and Van Cauter, Sofie and Veraart, Jelle and Leemans, Alexander and Maes, Frederik and Himmelreich, Uwe and Van Huffel, Sabine},
  journal={NMR in Biomedicine},
  volume={28},
  number={12},
  pages={1599--1624},
  year={2015},
  publisher={Wiley Online Library}
}
          
@article{do2008clustering,
  title={Clustering approaches to identifying gene expression patterns from DNA microarray data},
  author={Do, Jin Hwan and Choi, D and others},
  journal={Molecules and cells},
  volume={25},
  number={2},
  pages={279},
  year={2008},
  publisher={THE KOREAN SOCIETY FOR MOLECULAR BIOLOGY}
}
          
@article{gao2005improving,
  title={Improving molecular cancer class discovery through sparse non-negative matrix factorization},
  author={Gao, Yuan and Church, George},
  journal={Bioinformatics},
  volume={21},
  number={21},
  pages={3970--3975},
  year={2005},
  publisher={Oxford Univ Press}
}
          
@misc{fuzzylogics,
  title = {{Fuzzy Logics}},
  author = {Cintula, Petr and Fermüller, Christian and Noguera, Carles},
  howpublished = {\url{https://plato.stanford.edu/archives/win2016/entries/logic-fuzzy/}},
  note = {Accessed: 2017-03-14}
}
          
@inproceedings{von2005towards,
  title={Towards a statistical theory of clustering},
  author={Von Luxburg, Ulrike and Ben-David, Shai},
  booktitle={Pascal workshop on statistics and optimization of clustering},
  pages={20--26},
  year={2005},
  organization={Citeseer}
}
          
@article{zhong2010graph,
  title={A graph-theoretical clustering method based on two rounds of minimum spanning trees},
  author={Zhong, Caiming and Miao, Duoqian and Wang, Ruizhi},
  journal={Pattern Recognition},
  volume={43},
  number={3},
  pages={752--766},
  year={2010},
  publisher={Elsevier}
}
          
@inproceedings{wang2011information,
  title={Information Theoretical Clustering via Semidefinite Programming.},
  author={Wang, Meihong and Sha, Fei},
  booktitle={AISTATS},
  pages={761--769},
  year={2011}
}
          
@incollection{brucker1978complexity,
  title={On the complexity of clustering problems},
  author={Brucker, Peter},
  booktitle={Optimization and operations research},
  pages={45--54},
  year={1978},
  publisher={Springer}
}
          
@misc{tintoritool,
  title = {{Interactive visualizer of differential gene expression in the early C. elegans embryo}},
  howpublished = {\url{http://tintori.bio.unc.edu}},
  author = {Tintori, S. and Golden, P.},
  note = {Accessed: 2017-04-05}
}
          
@misc{ghostdatabase,
  title = {{Ghost Database: Ciona intestinalis genomic and cDNA resources}},
  howpublished = {\url{http://ghost.zool.kyoto-u.ac.jp}},
  note = {Accessed: 2017-04-05}
}
          
@misc{expressionatlas,
  title = {{Expression Atlas: Differential and Baseline Expression}},
  howpublished = {\url{https://www.ebi.ac.uk/gxa/home}},
  note = {Accessed: 2017-04-05}
}
          
@misc{aniseed,
  title = {{Aniseed}},
  howpublished = {\url{https://www.aniseed.cnrs.fr}},
  note = {Accessed: 2017-04-05}
}
          
@misc{generegulation,
  title = {{Gene Regulation}},
  howpublished = {\url{http://gene-regulation.com}},
  note = {Accessed: 2017-04-05}
}
          
@book{depamphilis2002gene,
  title={Gene expression at the beginning of animal development},
  author={DePamphilis, Melvin L},
  volume={12},
  year={2002},
  publisher={Elsevier}
}
          
@article{strauss2017generalising,
  title={Generalising Ward’s Method for Use with Manhattan Distances},
  author={Strauss, Trudie and von Maltitz, Michael Johan},
  journal={PloS one},
  volume={12},
  number={1},
  pages={e0168288},
  year={2017},
  publisher={Public Library of Science}
}
          
@article{handl2005computational,
  title={Computational cluster validation in post-genomic data analysis},
  author={Handl, Julia and Knowles, Joshua and Kell, Douglas B},
  journal={Bioinformatics},
  volume={21},
  number={15},
  pages={3201--3212},
  year={2005},
  publisher={Oxford Univ Press}
}
          
@article{tseng2007penalized,
  title={Penalized and weighted K-means for clustering with scattered objects and prior information in high-throughput biological data},
  author={Tseng, George C},
  journal={Bioinformatics},
  volume={23},
  number={17},
  pages={2247--2255},
  year={2007},
  publisher={Oxford Univ Press}
}
          
@inproceedings{kleinberg2002impossibility,
  title={An impossibility theorem for clustering},
  author={Kleinberg, Jon},
  booktitle={NIPS},
  volume={15},
  pages={463--470},
  year={2002}
}
          
@article{dabney2006clanc,
  title={ClaNC: point-and-click software for classifying microarrays to nearest centroids},
  author={Dabney, Alan R},
  journal={Bioinformatics},
  volume={22},
  number={1},
  pages={122--123},
  year={2006},
  publisher={Oxford Univ Press}
}
          
@article{dabney2005classification,
  title={Classification of microarrays to nearest centroids},
  author={Dabney, Alan R},
  journal={Bioinformatics},
  volume={21},
  number={22},
  pages={4148--4154},
  year={2005},
  publisher={Oxford Univ Press}
}
          
@article{pavlopoulos2015visualizing,
  title={Visualizing genome and systems biology: technologies, tools, implementation techniques and trends, past, present and future},
  author={Pavlopoulos, Georgios A and Malliarakis, Dimitris and Papanikolaou, Nikolas and Theodosiou, Theodosis and Enright, Anton J and Iliopoulos, Ioannis},
  journal={GigaScience},
  volume={4},
  number={1},
  pages={38},
  year={2015},
  publisher={BioMed Central}
}
          
@article{maaten2008visualizing,
  title={Visualizing data using t-SNE},
  author={Maaten, Laurens van der and Hinton, Geoffrey},
  journal={Journal of Machine Learning Research},
  volume={9},
  number={Nov},
  pages={2579--2605},
  year={2008}
}
          
@article{grotkjaer2006robust,
  title={Robust multi-scale clustering of large DNA microarray datasets with the consensus algorithm},
  author={Grotkj{\ae}r, Thomas and Winther, Ole and Regenberg, Birgitte and Nielsen, Jens and Hansen, Lars Kai},
  journal={Bioinformatics},
  volume={22},
  number={1},
  pages={58--67},
  year={2006},
  publisher={Oxford Univ Press}
}
          
@article{dougherty2002inference,
  title={Inference from clustering with application to gene-expression microarrays},
  author={Dougherty, Edward R and Barrera, Junior and Brun, Marcel and Kim, Seungchan and Cesar, Roberto M and Chen, Yidong and Bittner, Michael and Trent, Jeffrey M},
  journal={Journal of Computational Biology},
  volume={9},
  number={1},
  pages={105--126},
  year={2002},
  publisher={Mary Ann Liebert, Inc.}
}
          
@article{d2005does,
  title={How does gene expression clustering work?},
  author={D'haeseleer, Patrik},
  journal={Nature biotechnology},
  volume={23},
  number={12},
  pages={1499},
  year={2005},
  publisher={Nature Publishing Group}
}
         
@article{trapnell2015defining,
  title={Defining cell types and states with single-cell genomics},
  author={Trapnell, Cole},
  journal={Genome research},
  volume={25},
  number={10},
  pages={1491--1498},
  year={2015},
  publisher={Cold Spring Harbor Lab}
}
         
@article{wang2015max,
  title={Max--min distance nonnegative matrix factorization},
  author={Wang, Jim Jing-Yan and Gao, Xin},
  journal={Neural Networks},
  volume={61},
  pages={75--84},
  year={2015},
  publisher={Elsevier}
}
        
@article{gat2003scoring,
  title={Scoring clustering solutions by their biological relevance},
  author={Gat-Viks, Irit and Sharan, Roded and Shamir, Ron},
  journal={Bioinformatics},
  volume={19},
  number={18},
  pages={2381--2389},
  year={2003},
  publisher={Oxford Univ Press}
}
         
@book{toronen2004analysis,
  title={Analysis of gene expression data using clustering and functional classifications},
  author={T{\"o}r{\"o}nen, Petri},
  year={2004},
  publisher={University of Kuopio}
}
          
@article{datta2003comparisons,
  title={Comparisons and validation of statistical clustering techniques for microarray gene expression data},
  author={Datta, Susmita and Datta, Somnath},
  journal={Bioinformatics},
  volume={19},
  number={4},
  pages={459--466},
  year={2003},
  publisher={Oxford Univ Press}
}
          
@article{jornsten2003simultaneous,
  title={Simultaneous gene clustering and subset selection for sample classification via MDL},
  author={J{\"o}rnsten, Rebecka and Yu, Bin},
  journal={Bioinformatics},
  volume={19},
  number={9},
  pages={1100--1109},
  year={2003},
  publisher={Oxford Univ Press}
}
          
@article{kasturi2003information,
  title={An information theoretic approach for analyzing temporal patterns of gene expression},
  author={Kasturi, Jyotsna and Acharya, Raj and Ramanathan, Murali},
  journal={Bioinformatics},
  volume={19},
  number={4},
  pages={449--458},
  year={2003},
  publisher={Oxford Univ Press}
}
          
@article{ramanathan2003stochastic,
  title={A stochastic model for optimizing composite predictors based on gene expression profiles},
  author={Ramanathan, Murali},
  journal={Pharmaceutical research},
  volume={20},
  number={7},
  pages={996--1000},
  year={2003},
  publisher={Springer}
}
          
@article{kerr2001statistical,
  title={Statistical design and the analysis of gene expression microarray data},
  author={Kerr, M Kathleen and Churchill, Gary A},
  journal={Genetics Research},
  volume={77},
  number={2},
  pages={123--128},
  year={2001},
  publisher={Cambridge University Press}
}
          
@article{kerr2000analysis,
  title={Analysis of variance for gene expression microarray data},
  author={Kerr, M Kathleen and Martin, Mitchell and Churchill, Gary A},
  journal={Journal of computational biology},
  volume={7},
  number={6},
  pages={819--837},
  year={2000},
  publisher={Mary Ann Liebert, Inc.}
}
          
@article{kerr2001bootstrapping,
  title={Bootstrapping cluster analysis: assessing the reliability of conclusions from microarray experiments},
  author={Kerr, M Kathleen and Churchill, Gary A},
  journal={Proceedings of the national academy of sciences},
  volume={98},
  number={16},
  pages={8961--8965},
  year={2001},
  publisher={National Acad Sciences}
}
          
@article{scott1981asymptotic,
  title={On the asymptotic distribution of ratio and regression estimators},
  author={Scott, Alastair and Wu, Chien-Fu},
  journal={Journal of the American Statistical Association},
  volume={76},
  number={373},
  pages={98--102},
  year={1981},
  publisher={Taylor \& Francis Group}
}
          
@article{churchill2004using,
  title={Using ANOVA to analyze microarray data.},
  author={Churchill, Gary A},
  journal={Biotechniques},
  volume={37},
  number={2},
  pages={173--5},
  year={2004}
}
          
@inproceedings{filippone2005unsupervised,
  title={Unsupervised gene selection and clustering using simulated annealing},
  author={Filippone, Maurizio and Masulli, Francesco and Rovetta, Stefano},
  booktitle={International Workshop on Fuzzy Logic and Applications},
  pages={229--235},
  year={2005},
  organization={Springer}
}
          
@article{boratyn2007incorporation,
  title={Incorporation of biological knowledge into distance for clustering genes},
  author={Boratyn, Grzegorz M and Datta, Susmita and Datta, Somnath},
  journal={Bioinformation},
  volume={1},
  number={10},
  pages={396--405},
  year={2007},
  publisher={Biomedical Informatics Publishing Group}
}
          
@article{costa2004comparative,
  title={Comparative analysis of clustering methods for gene expression time course data},
  author={Costa, Ivan G and de Carvalho, Francisco de AT and de Souto, Marc{\'\i}lio CP},
  journal={Genetics and Molecular Biology},
  volume={27},
  number={4},
  pages={623--631},
  year={2004},
  publisher={SciELO Brasil}
}
        
@article{gibbons2002judging,
  title={Judging the quality of gene expression-based clustering methods using gene annotation},
  author={Gibbons, Francis D and Roth, Frederick P},
  journal={Genome research},
  volume={12},
  number={10},
  pages={1574--1581},
  year={2002},
  publisher={Cold Spring Harbor Lab}
}

@article{dunn1973fuzzy,
  title={A fuzzy relative of the ISODATA process and its use in detecting compact well-separated clusters},
  author={Dunn, Joseph C},
  year={1973},
  publisher={Taylor \& Francis}
}

@article{lee1999learning,
  title={Learning the parts of objects by non-negative matrix factorization},
  author={Lee, Daniel D and Seung, H Sebastian},
  journal={Nature},
  volume={401},
  number={6755},
  pages={788--791},
  year={1999},
  publisher={Nature Publishing Group}
}
          
@article{eisen1998cluster,
  title={Cluster analysis and display of genome-wide expression patterns},
  author={Eisen, Michael B and Spellman, Paul T and Brown, Patrick O and Botstein, David},
  journal={Proceedings of the National Academy of Sciences},
  volume={95},
  number={25},
  pages={14863--14868},
  year={1998},
  publisher={National Acad Sciences}
}
          
@article{jiang2004cluster,
  title={Cluster analysis for gene expression data: A survey},
  author={Jiang, Daxin and Tang, Chun and Zhang, Aidong},
  journal={IEEE Transactions on knowledge and data engineering},
  volume={16},
  number={11},
  pages={1370--1386},
  year={2004},
  publisher={IEEE}
}
          
@article{kolodziejczyk2015technology,
  title={The technology and biology of single-cell RNA sequencing},
  author={Kolodziejczyk, Aleksandra A and Kim, Jong Kyoung and Svensson, Valentine and Marioni, John C and Teichmann, Sarah A},
  journal={Molecular cell},
  volume={58},
  number={4},
  pages={610--620},
  year={2015},
  publisher={Elsevier}
}
          
@inproceedings{jia2004fisher,
  title={Fisher non-negative matrix factorization for learning local features},
  author={Jia, Yuan Wang Yunde and Turk, Changbo Hu Matthew},
  booktitle={Proc. Asian Conf. on Comp. Vision},
  pages={27--30},
  year={2004},
  organization={Citeseer}
}
          
@article{sultan2008global,
  title={A global view of gene activity and alternative splicing by deep sequencing of the human transcriptome},
  author={Sultan, Marc and Schulz, Marcel H and Richard, Hugues and Magen, Alon and Klingenhoff, Andreas and Scherf, Matthias and Seifert, Martin and Borodina, Tatjana and Soldatov, Aleksey and Parkhomchuk, Dmitri and others},
  journal={Science},
  volume={321},
  number={5891},
  pages={956--960},
  year={2008},
  publisher={American Association for the Advancement of Science}
}
          
@article{shapiro2013single,
  title={Single-cell sequencing-based technologies will revolutionize whole-organism science},
  author={Shapiro, Ehud and Biezuner, Tamir and Linnarsson, Sten},
  journal={Nature Reviews Genetics},
  volume={14},
  number={9},
  pages={618--630},
  year={2013},
  publisher={Nature Publishing Group}
}
          
@book{jain1988algorithms,
  title={Algorithms for clustering data},
  author={Jain, Anil K and Dubes, Richard C},
  year={1988},
  publisher={Prentice-Hall, Inc.}
}
          
@misc{clusteranalysis,
  title = {{Cluster Analysis}},
  author = {Daniel Wiechmann},
  howpublished = {\url{http://www.daniel-wiechmann.net/downloads/cluster\_%20analysis.pdf}},
  note = {Accessed: 2017-04-05}
}
          
@article{monti2003consensus,
  title={Consensus clustering: a resampling-based method for class discovery and visualization of gene expression microarray data},
  author={Monti, Stefano and Tamayo, Pablo and Mesirov, Jill and Golub, Todd},
  journal={Machine learning},
  volume={52},
  number={1},
  pages={91--118},
  year={2003},
  publisher={Springer}
}
          
@article{shao2016robust,
  title={Robust classification of single-cell transcriptome data by nonnegative matrix factorization},
  author={Shao, Chunxuan and H{\"o}fer, Thomas},
  journal={Bioinformatics},
  pages={btw607},
  year={2016},
  publisher={Oxford Univ Press}
}
          
@inproceedings{ding2005equivalence,
  title={On the equivalence of nonnegative matrix factorization and spectral clustering},
  author={Ding, Chris and He, Xiaofeng and Simon, Horst D},
  booktitle={Proceedings of the 2005 SIAM International Conference on Data Mining},
  pages={606--610},
  year={2005},
  organization={SIAM}
}
          
@article{carmona2006biclustering,
  title={Biclustering of gene expression data by non-smooth non-negative matrix factorization},
  author={Carmona-Saez, Pedro and Pascual-Marqui, Roberto D and Tirado, Francisco and Carazo, Jose M and Pascual-Montano, Alberto},
  journal={BMC bioinformatics},
  volume={7},
  number={1},
  pages={78},
  year={2006},
  publisher={BioMed Central}
}
          
@article{tang2010rna,
  title={RNA-Seq analysis to capture the transcriptome landscape of a single cell},
  author={Tang, Fuchou and Barbacioru, Catalin and Nordman, Ellen and Li, Bin and Xu, Nanlan and Bashkirov, Vladimir I and Lao, Kaiqin and Surani, M Azim},
  journal={Nature protocols},
  volume={5},
  number={3},
  pages={516--535},
  year={2010},
  publisher={Nature Publishing Group}
}
          
@article{svensson2017power,
  title={Power analysis of single-cell RNA-sequencing experiments},
  author={Svensson, Valentine and Natarajan, Kedar Nath and Ly, Lam-Ha and Miragaia, Ricardo J and Labalette, Charlotte and Macaulay, Iain C and Cvejic, Ana and Teichmann, Sarah A},
  journal={Nature Methods},
  year={2017},
  publisher={Nature Research}
}
          
@article{yeung2001principal,
  title={Principal component analysis for clustering gene expression data},
  author={Yeung, Ka Yee and Ruzzo, Walter L.},
  journal={Bioinformatics},
  volume={17},
  number={9},
  pages={763--774},
  year={2001},
  publisher={Oxford Univ Press}
}
          
@article{kiselev2016sc3,
  title={SC3-consensus clustering of single-cell RNA-Seq data},
  author={Kiselev, Vladimir Yu and Kirschner, Kristina and Schaub, Michael T and Andrews, Tallulah and Yiu, Andrew and Chandra, Tamir and Natarajan, Kedar N and Reik, Wolf and Barahona, Mauricio and Green, Anthony R and others},
  journal={bioRxiv},
  pages={036558},
  year={2016},
  publisher={Cold Spring Harbor Labs Journals}
}
          
@misc{usetsne,
  title = {{How to Use t-SNE Effectively}},
  author = {Wattenberg, Martin and Viegas, Fernanda and Johnson, Ian},
  date = {2016-10-13},
  howpublished = {\url{http://distill.pub/2016/misread-tsne/}},
  note = {Accessed: 2017-04-05}
}
          
@misc{tsnerpython,
  title = {{Comprehensive Guide on t-SNE algorithm with implementation in R & Python}},
  author = {Saurabh, Jaju},
  date = {2017-01-22},
  howpublished = {\url{https://www.analyticsvidhya.com/blog/2017/01/t-sne-implementation-r-python/}},
  note = {Accessed: 2017-04-05}
}
          
@misc{pcarpython,
  title = {{Practical Guide to Principal Component Analysis (PCA) in R & Python}},
  author = {Analytics Vidhya Content Team},
  date = {2016-03-21},
  howpublished = {\url{https://www.analyticsvidhya.com/blog/2016/03/practical-guide-principal-component-analysis-python/}},
  note = {Accessed: 2017-04-05}
}
          
@article{chen2016informative,
  title={Informative gene selection and the direct classification of tumors based on relative simplicity},
  author={Chen, Yuan and Wang, Lifeng and Li, Lanzhi and Zhang, Hongyan and Yuan, Zheming},
  journal={BMC bioinformatics},
  volume={17},
  number={1},
  pages={44},
  year={2016},
  publisher={BioMed Central}
}
          
@article{liu2006efficient,
  title={An efficient semi-unsupervised gene selection method via spectral biclustering},
  author={Liu, Bing and Wan, Chunru and Wang, Lipo},
  journal={IEEE Transactions on nanobioscience},
  volume={5},
  number={2},
  pages={110--114},
  year={2006},
  publisher={IEEE}
}
          
@article{liu2001selecting,
  title={Selecting informative genes with parallel genetic algorithms in tissue classification},
  author={Liu, Juan and Iba, Hitoshi and Ishizuka, Mitsuru},
  journal={Genome Informatics},
  volume={12},
  pages={14--23},
  year={2001},
  publisher={Japanese Society for Bioinformatics}
}
          
@inproceedings{bernhardt2009visualizing,
  title={Visualizing Gene Expression Data via Voronoi Treemaps.},
  author={Bernhardt, J{\"o}rg and Funke, Stefan and Hecker, Michael and Siebourg, Juliane},
  booktitle={ISVD},
  pages={233--241},
  year={2009}
}
          
@inproceedings{mohamad2010three,
  title={A Three-Stage Method to Select Informative Genes from Gene Expression Data in Classifying Cancer Classes},
  author={Mohamad, Mohd Saberi and Omatu, Sigeru and Deris, Safaai and Yoshioka, Michifumi},
  booktitle={Intelligent Systems, Modelling and Simulation (ISMS), 2010 International Conference on},
  pages={158--163},
  year={2010},
  organization={IEEE}
}
          
@article{varshavsky2006novel,
  title={Novel unsupervised feature filtering of biological data},
  author={Varshavsky, Roy and Gottlieb, Assaf and Linial, Michal and Horn, David},
  journal={Bioinformatics},
  volume={22},
  number={14},
  pages={e507--e513},
  year={2006},
  publisher={Oxford Univ Press}
}
          
@article{ding2003unsupervised,
  title={Unsupervised feature selection via two-way ordering in gene expression analysis},
  author={Ding, Chris HQ},
  journal={Bioinformatics},
  volume={19},
  number={10},
  pages={1259--1266},
  year={2003},
  publisher={Oxford Univ Press}
}
          
@incollection{akutsu2006selecting,
  title={Selecting informative genes for cancer classification using gene expression data},
  author={Akutsu, Tatsuya and Miyano, Satoru},
  booktitle={Computational and Statistical Approaches to Genomics},
  pages={75--88},
  year={2006},
  publisher={Springer}
}
          
@inproceedings{sondberg2003unsupervised,
  title={Unsupervised feature subset selection},
  author={Sondberg-Madsen, Nicolaj and Thomsen, Casper and Pena, Jose M},
  booktitle={Proceedings of the Workshop on Probabilistic Graphical Models for Classification},
  volume={82},
  pages={71},
  year={2003}
}
          
@inproceedings{deng2004rank,
  title={A rank sum test method for informative gene discovery},
  author={Deng, Lin and Pei, Jian and Ma, Jinwen and Lee, Dik Lun},
  booktitle={Proceedings of the tenth ACM SIGKDD international conference on Knowledge discovery and data mining},
  pages={410--419},
  year={2004},
  organization={ACM}
}
          
@article{dey2017visualizing,
  title={Visualizing the structure of RNA-seq expression data using grade of membership models},
  author={Dey, Kushal K and Hsiao, Chiaowen Joyce and Stephens, Matthew},
  journal={PLoS genetics},
  volume={13},
  number={3},
  pages={e1006599},
  year={2017},
  publisher={Public Library of Science}
}
          
@misc{pettit2014,
  title = {{Spatial analysis of complex biological tissues from single cell gene expression data}},
  author = {Pettit, Georges and Olivier, Jean-Baptiste},
  date = {2014-11},
  howpublished = {\url{https://www.ebi.ac.uk/sites/ebi.ac.uk/files/shared/documents/phdtheses/Pettit\_thesis.pdf}},
  note = {Accessed: 2017-04-06}
}
          
@article{lockhart2000genomics,
  title={Genomics, gene expression and DNA arrays},
  author={Lockhart, David J and Winzeler, Elizabeth A},
  journal={Nature},
  volume={405},
  number={6788},
  pages={827--836},
  year={2000},
  publisher={Nature Publishing Group}
}
          
@inproceedings{lin1998information,
  title={An information-theoretic definition of similarity.},
  author={Lin, Dekang and others},
  booktitle={ICML},
  volume={98},
  number={1998},
  pages={296--304},
  year={1998},
  organization={Citeseer}
}
          
@inproceedings{davis2007information,
  title={Information-theoretic metric learning},
  author={Davis, Jason V and Kulis, Brian and Jain, Prateek and Sra, Suvrit and Dhillon, Inderjit S},
  booktitle={Proceedings of the 24th international conference on Machine learning},
  pages={209--216},
  year={2007},
  organization={ACM}
}
          
@article{sugar2003finding,
  title={Finding the number of clusters in a dataset: An information-theoretic approach},
  author={Sugar, Catherine A and James, Gareth M},
  journal={Journal of the American Statistical Association},
  volume={98},
  number={463},
  pages={750--763},
  year={2003},
  publisher={Taylor \& Francis}
}
    
@misc{awesomesinglecell,
  title = {{Awesome Single-Cell}},
  howpublished = {\url{https://github.com/seandavi/awesome-single-cell}},
  note = {Accessed: 2017-04-07}
}   
        
@article{yotsukura2016celltree,
  title={CellTree: an R/bioconductor package to infer the hierarchical structure of cell populations from single-cell RNA-seq data},
  author={Yotsukura, Sohiya and Nomura, Seitaro and Aburatani, Hiroyuki and Tsuda, Koji and others},
  journal={BMC bioinformatics},
  volume={17},
  number={1},
  pages={363},
  year={2016},
  publisher={BioMed Central}
}
         
@article{ntranos2016fast,
  title={Fast and accurate single-cell RNA-seq analysis by clustering of transcript-compatibility counts},
  author={Ntranos, Vasilis and Kamath, Govinda M and Zhang, Jesse M and Pachter, Lior and David, N Tse},
  journal={Genome biology},
  volume={17},
  number={1},
  pages={112},
  year={2016},
  publisher={BioMed Central}
}
          
@article{scialdone2015computational,
  title={Computational assignment of cell-cycle stage from single-cell transcriptome data},
  author={Scialdone, Antonio and Natarajan, Kedar N and Saraiva, Luis R and Proserpio, Valentina and Teichmann, Sarah A and Stegle, Oliver and Marioni, John C and Buettner, Florian},
  journal={Methods},
  volume={85},
  pages={54--61},
  year={2015},
  publisher={Elsevier}
}
          
@article{trapnell2014dynamics,
  title={The dynamics and regulators of cell fate decisions are revealed by pseudotemporal ordering of single cells},
  author={Trapnell, Cole and Cacchiarelli, Davide and Grimsby, Jonna and Pokharel, Prapti and Li, Shuqiang and Morse, Michael and Lennon, Niall J and Livak, Kenneth J and Mikkelsen, Tarjei S and Rinn, John L},
  journal={Nature biotechnology},
  volume={32},
  number={4},
  pages={381--386},
  year={2014},
  publisher={Nature Research}
}
          
@article{lun2016pooling,
  title={Pooling across cells to normalize single-cell RNA sequencing data with many zero counts},
  author={Lun, Aaron TL and Bach, Karsten and Marioni, John C},
  journal={Genome biology},
  volume={17},
  number={1},
  pages={75},
  year={2016},
  publisher={BioMed Central}
}
          
@article{martinez2017aging,
  title={Aging increases cell-to-cell transcriptional variability upon immune stimulation},
  author={Martinez-Jimenez, Celia Pilar and Eling, Nils and Chen, Hung-Chang and Vallejos, Catalina A and Kolodziejczyk, Aleksandra A and Connor, Frances and Stojic, Lovorka and Rayner, Timothy F and Stubbington, Michael JT and Teichmann, Sarah A and others},
  journal={Science},
  volume={355},
  number={6332},
  pages={1433--1436},
  year={2017},
  publisher={American Association for the Advancement of Science}
}
          
@article{kim2013inferring,
  title={Inferring the kinetics of stochastic gene expression from single-cell RNA-sequencing data},
  author={Kim, Jong Kyoung and Marioni, John C},
  journal={Genome biology},
  volume={14},
  number={1},
  pages={R7},
  year={2013},
  publisher={BioMed Central}
}
          
@article{ilicic2016classification,
  title={Classification of low quality cells from single-cell RNA-seq data},
  author={Ilicic, Tomislav and Kim, Jong Kyoung and Kolodziejczyk, Aleksandra A and Bagger, Frederik Otzen and McCarthy, Davis James and Marioni, John C and Teichmann, Sarah A},
  journal={Genome biology},
  volume={17},
  number={1},
  pages={29},
  year={2016},
  publisher={BioMed Central}
}
          
@article{kim2015characterizing,
  title={Characterizing noise structure in single-cell RNA-seq distinguishes genuine from technical stochastic allelic expression},
  author={Kim, Jong Kyoung and Kolodziejczyk, Aleksandra A and Illicic, Tomislav and Teichmann, Sarah A and Marioni, John C},
  journal={Nature communications},
  volume={6},
  year={2015},
  publisher={Nature Research}
}
          
@article{petryszak2014expression,
  title={Expression Atlas update—a database of gene and transcript expression from microarray-and sequencing-based functional genomics experiments},
  author={Petryszak, Robert and Burdett, Tony and Fiorelli, Benedetto and Fonseca, Nuno A and Gonzalez-Porta, Mar and Hastings, Emma and Huber, Wolfgang and Jupp, Simon and Keays, Maria and Kryvych, Nataliya and others},
  journal={Nucleic acids research},
  volume={42},
  number={D1},
  pages={D926--D932},
  year={2014},
  publisher={Oxford Univ Press}
}
        
@article{munsky2012using,
  title={Using gene expression noise to understand gene regulation},
  author={Munsky, Brian and Neuert, Gregor and van Oudenaarden, Alexander},
  journal={Science},
  volume={336},
  number={6078},
  pages={183--187},
  year={2012},
  publisher={American Association for the Advancement of Science}
}
          
@article{li2011central,
  title={Central dogma at the single-molecule level in living cells},
  author={Li, Gene-Wei and Xie, X Sunney},
  journal={Nature},
  volume={475},
  number={7356},
  pages={308--315},
  year={2011},
  publisher={Nature Publishing Group}
}

@article{langmead2009ultrafast,
  title={Ultrafast and memory-efficient alignment of short DNA sequences to the human genome},
  author={Langmead, Ben and Trapnell, Cole and Pop, Mihai and Salzberg, Steven L},
  journal={Genome biology},
  volume={10},
  number={3},
  pages={R25},
  year={2009},
  publisher={BioMed Central}
}

@article{smiley2010gene,
  title={Gene expression dynamics in randomly varying environments},
  author={Smiley, Michael W and Proulx, Stephen R},
  journal={Journal of mathematical biology},
  volume={61},
  number={2},
  pages={231--251},
  year={2010},
  publisher={Springer}
}

@article{snijder2011origins,
  title={Origins of regulated cell-to-cell variability},
  author={Snijder, Berend and Pelkmans, Lucas},
  journal={Nature reviews Molecular cell biology},
  volume={12},
  number={2},
  pages={119--125},
  year={2011},
  publisher={Nature Publishing Group}
}

@misc{rnaseqexp,
  title = {{Thinking about designing RNAseq expriments to Measure Differential Gene Expression}},
  author = {Busby, Michele},
  howpublished = {\url{http://michelebusby.tumblr.com/post/26913184737/thinking-about-designing-rna-seq-experiments-to}},
  note = {Accessed: 2017-03-08}
}

@article{schurch2016many,
  title={How many biological replicates are needed in an RNA-seq experiment and which differential expression tool should you use?},
  author={Schurch, Nicholas J and Schofield, Piet{\'a} and Gierli{\'n}ski, Marek and Cole, Christian and Sherstnev, Alexander and Singh, Vijender and Wrobel, Nicola and Gharbi, Karim and Simpson, Gordon G and Owen-Hughes, Tom and others},
  journal={RNA},
  volume={22},
  number={6},
  pages={839--851},
  year={2016},
  publisher={Cold Spring Harbor Lab}
}

@article{bacher2016design,
  title={Design and computational analysis of single-cell RNA-sequencing experiments},
  author={Bacher, Rhonda and Kendziorski, Christina},
  journal={Genome biology},
  volume={17},
  number={1},
  pages={63},
  year={2016},
  publisher={BioMed Central}
}

@article{xu2002clustering,
  title={Clustering gene expression data using a graph-theoretic approach: an application of minimum spanning trees},
  author={Xu, Ying and Olman, Victor and Xu, Dong},
  journal={Bioinformatics},
  volume={18},
  number={4},
  pages={536--545},
  year={2002},
  publisher={Oxford Univ Press}
}

@article{grun2015single,
  title={Single-cell messenger RNA sequencing reveals rare intestinal cell types},
  author={Gr{\"u}n, Dominic and Lyubimova, Anna and Kester, Lennart and Wiebrands, Kay and Basak, Onur and Sasaki, Nobuo and Clevers, Hans and van Oudenaarden, Alexander},
  journal={Nature},
  volume={525},
  number={7568},
  pages={251--255},
  year={2015},
  publisher={Nature Publishing Group}
}

@article{mooijman2016single,
  title={Single-cell 5hmC sequencing reveals chromosome-wide cell-to-cell variability and enables lineage reconstruction},
  author={Mooijman, Dylan and Dey, Siddharth S and Boisset, Jean-Charles and Crosetto, Nicola and van Oudenaarden, Alexander},
  journal={Nature Biotechnology},
  volume={34},
  number={8},
  pages={852--856},
  year={2016},
  publisher={Nature Research}
}

@article{pollen2014low,
  title={Low-coverage single-cell mRNA sequencing reveals cellular heterogeneity and activated signaling pathways in developing cerebral cortex},
  author={Pollen, Alex A and Nowakowski, Tomasz J and Shuga, Joe and Wang, Xiaohui and Leyrat, Anne A and Lui, Jan H and Li, Nianzhen and Szpankowski, Lukasz and Fowler, Brian and Chen, Peilin and others},
  journal={Nature biotechnology},
  volume={32},
  number={10},
  pages={1053--1058},
  year={2014},
  publisher={Nature Research}
}

@article{zhou2014iteration,
  title={An iteration normalization and test method for differential expression analysis of RNA-seq data},
  author={Zhou, Yan and Lin, Nan and Zhang, Baoxue},
  journal={BioData mining},
  volume={7},
  number={1},
  pages={15},
  year={2014},
  publisher={BioMed Central}
}

@article{latch2006relative,
  title={Relative performance of Bayesian clustering software for inferring population substructure and individual assignment at low levels of population differentiation},
  author={Latch, Emily K and Dharmarajan, Guha and Glaubitz, Jeffrey C and Rhodes, Olin E},
  journal={Conservation Genetics},
  volume={7},
  number={2},
  pages={295--302},
  year={2006},
  publisher={Springer}
}

@article{barash2002context,
  title={Context-specific Bayesian clustering for gene expression data},
  author={Barash, Yoseph and Friedman, Nir},
  journal={Journal of Computational Biology},
  volume={9},
  number={2},
  pages={169--191},
  year={2002},
  publisher={Mary Ann Liebert, Inc.}
}

@article{rose1998deterministic,
  title={Deterministic annealing for clustering, compression, classification, regression, and related optimization problems},
  author={Rose, Kenneth},
  journal={Proceedings of the IEEE},
  volume={86},
  number={11},
  pages={2210--2239},
  year={1998},
  publisher={IEEE}
}
@article{friedman2000using,
  title={Using Bayesian networks to analyze expression data},
  author={Friedman, Nir and Linial, Michal and Nachman, Iftach and Pe'er, Dana},
  journal={Journal of computational biology},
  volume={7},
  number={3-4},
  pages={601--620},
  year={2000},
  publisher={Mary Ann Liebert, Inc.}
}

@article{quintana2003bayesian,
  title={Bayesian clustering and product partition models},
  author={Quintana, Fernando A and Iglesias, Pilar L},
  journal={Journal of the Royal Statistical Society: Series B (Statistical Methodology)},
  volume={65},
  number={2},
  pages={557--574},
  year={2003},
  publisher={Wiley Online Library}
}

@article{bruckner2012computing,
  title={Computing Voronoi Treemaps},
  author={Bruckner, S and Miksch, S and Pfister, H},
  year={2012}
}

@article{santamaria2012voronto,
  title={Voronto: mapper for expression data to ontologies},
  author={Santamar{\'\i}a, Rodrigo and Pierre, Philippe},
  journal={Bioinformatics},
  volume={28},
  number={17},
  pages={2281--2282},
  year={2012},
  publisher={Oxford Univ Press}
}

@article{pachter2011models,
  title={Models for transcript quantification from RNA-Seq},
  author={Pachter, Lior},
  journal={arXiv preprint arXiv:1104.3889},
  year={2011}
}

@article{grun2014validation,
  title={Validation of noise models for single-cell transcriptomics},
  author={Gr{\"u}n, Dominic and Kester, Lennart and Van Oudenaarden, Alexander},
  journal={Nature methods},
  volume={11},
  number={6},
  pages={637--640},
  year={2014},
  publisher={Nature Research}
}

@article{brennecke2013accounting,
  title={Accounting for technical noise in single-cell RNA-seq experiments},
  author={Brennecke, Philip and Anders, Simon and Kim, Jong Kyoung and Ko{\l}odziejczyk, Aleksandra A and Zhang, Xiuwei and Proserpio, Valentina and Baying, Bianka and Benes, Vladimir and Teichmann, Sarah A and Marioni, John C and others},
  journal={Nature methods},
  volume={10},
  number={11},
  pages={1093--1095},
  year={2013},
  publisher={Nature Research}
}

@article{kharchenko2014bayesian,
  title={Bayesian approach to single-cell differential expression analysis},
  author={Kharchenko, Peter V and Silberstein, Lev and Scadden, David T},
  journal={Nature methods},
  volume={11},
  number={7},
  pages={740--742},
  year={2014},
  publisher={Nature Research}
}

@article{yau2016pcareduce,
  title={pcaReduce: hierarchical clustering of single cell transcriptional profiles},
  author={Yau, Christopher and others},
  journal={BMC bioinformatics},
  volume={17},
  number={1},
  pages={140},
  year={2016},
  publisher={BioMed Central}
}

@misc{sake,
  title = {{SAKE gene expression data analysis application}},
  author = {Ho, Yu-Jui Ho and Aicher, Toby and M. Hammell Lab},
  howpublished = {\url{https://github.com/naikai/sake}},
  note = {Accessed: 2017-04-26}
}

@article{maaten2008visualizing,
  title={Visualizing data using t-SNE},
  author={Maaten, Laurens van der and Hinton, Geoffrey},
  journal={Journal of Machine Learning Research},
  volume={9},
  number={Nov},
  pages={2579--2605},
  year={2008}
}

@article{lloyd1957least,
  title={Least square quantization in PCM. Bell Telephone Laboratories Paper. Published in journal much later: Lloyd, SP: Least squares quantization in PCM},
  author={Lloyd, SP},
  journal={IEEE Trans. Inform. Theor.(1957/1982)}
}

@inproceedings{macqueen1967some,
  title={Some methods for classification and analysis of multivariate observations},
  author={MacQueen, James and others},
  booktitle={Proceedings of the fifth Berkeley symposium on mathematical statistics and probability},
  volume={1},
  number={14},
  pages={281--297},
  year={1967},
  organization={Oakland, CA, USA.}
}

@article{xu2015identification,
  title={Identification of cell types from single-cell transcriptomes using a novel clustering method},
  author={Xu, Chen and Su, Zhengchang},
  journal={Bioinformatics},
  pages={btv088},
  year={2015},
  publisher={Oxford Univ Press}
}

@article{guo2015sincera,
  title={SINCERA: a pipeline for single-cell RNA-Seq profiling analysis},
  author={Guo, Minzhe and Wang, Hui and Potter, S Steven and Whitsett, Jeffrey A and Xu, Yan},
  journal={PLoS Comput Biol},
  volume={11},
  number={11},
  pages={e1004575},
  year={2015},
  publisher={Public Library of Science}
}

@article{satija2015spatial,
  title={Spatial reconstruction of single-cell gene expression data},
  author={Satija, Rahul and Farrell, Jeffrey A and Gennert, David and Schier, Alexander F and Regev, Aviv},
  journal={Nature biotechnology},
  volume={33},
  number={5},
  pages={495--502},
  year={2015},
  publisher={Nature Research}
}

@article{yeung2001model,
  title={Model-based clustering and data transformations for gene expression data},
  author={Yeung, Ka Yee and Fraley, Chris and Murua, Alejandro and Raftery, Adrian E. and Ruzzo, Walter L.},
  journal={Bioinformatics},
  volume={17},
  number={10},
  pages={977--987},
  year={2001},
  publisher={Oxford Univ Press}
}

@article{jiang2016giniclust,
  title={GiniClust: detecting rare cell types from single-cell gene expression data with Gini index},
  author={Jiang, Lan and Chen, Huidong and Pinello, Luca and Yuan, Guo-Cheng},
  journal={Genome Biology},
  volume={17},
  number={1},
  pages={144},
  year={2016},
  publisher={BioMed Central}
}

@article{mccarthy2016scater,
  title={scater: pre-processing, quality control, normalisation and visualisation of single-cell RNA-seq data in R},
  author={McCarthy, Davis J and Campbell, Kieran R and Lun, Aaron TL and Wills, Quin F},
  journal={bioRxiv},
  pages={069633},
  year={2016},
  publisher={Cold Spring Harbor Labs Journals}
}

@article{gentleman2004bioconductor,
  title={Bioconductor: open software development for computational biology and bioinformatics},
  author={Gentleman, Robert C and Carey, Vincent J and Bates, Douglas M and Bolstad, Ben and Dettling, Marcel and Dudoit, Sandrine and Ellis, Byron and Gautier, Laurent and Ge, Yongchao and Gentry, Jeff and others},
  journal={Genome biology},
  volume={5},
  number={10},
  pages={R80},
  year={2004},
  publisher={BioMed Central}
}

@article{risso2014normalization,
  title={Normalization of RNA-seq data using factor analysis of control genes or samples},
  author={Risso, Davide and Ngai, John and Speed, Terence P and Dudoit, Sandrine},
  journal={Nature biotechnology},
  volume={32},
  number={9},
  pages={896--902},
  year={2014},
  publisher={Nature Research}
}

@article{biase2014cell,
  title={Cell fate inclination within 2-cell and 4-cell mouse embryos revealed by single-cell RNA sequencing},
  author={Biase, Fernando H and Cao, Xiaoyi and Zhong, Sheng},
  journal={Genome research},
  volume={24},
  number={11},
  pages={1787--1796},
  year={2014},
  publisher={Cold Spring Harbor Lab}
}

@article{yan2013single,
  title={Single-cell RNA-Seq profiling of human preimplantation embryos and embryonic stem cells},
  author={Yan, Liying and Yang, Mingyu and Guo, Hongshan and Yang, Lu and Wu, Jun and Li, Rong and Liu, Ping and Lian, Ying and Zheng, Xiaoying and Yan, Jie and others},
  journal={Nature structural \& molecular biology},
  volume={20},
  number={9},
  pages={1131--1139},
  year={2013},
  publisher={Nature Publishing Group}
}

@article{goolam2016heterogeneity,
  title={Heterogeneity in Oct4 and Sox2 targets biases cell fate in 4-cell mouse embryos},
  author={Goolam, Mubeen and Scialdone, Antonio and Graham, Sarah JL and Macaulay, Iain C and Jedrusik, Agnieszka and Hupalowska, Anna and Voet, Thierry and Marioni, John C and Zernicka-Goetz, Magdalena},
  journal={Cell},
  volume={165},
  number={1},
  pages={61--74},
  year={2016},
  publisher={Elsevier}
}

@article{deng2014single,
  title={Single-cell RNA-seq reveals dynamic, random monoallelic gene expression in mammalian cells},
  author={Deng, Qiaolin and Ramsk{\"o}ld, Daniel and Reinius, Bj{\"o}rn and Sandberg, Rickard},
  journal={Science},
  volume={343},
  number={6167},
  pages={193--196},
  year={2014},
  publisher={American Association for the Advancement of Science}
}

@article{pollen2014low,
  title={Low-coverage single-cell mRNA sequencing reveals cellular heterogeneity and activated signaling pathways in developing cerebral cortex},
  author={Pollen, Alex A and Nowakowski, Tomasz J and Shuga, Joe and Wang, Xiaohui and Leyrat, Anne A and Lui, Jan H and Li, Nianzhen and Szpankowski, Lukasz and Fowler, Brian and Chen, Peilin and others},
  journal={Nature biotechnology},
  volume={32},
  number={10},
  pages={1053--1058},
  year={2014},
  publisher={Nature Research}
}

@article{kolodziejczyk2015single,
  title={Single cell RNA-sequencing of pluripotent states unlocks modular transcriptional variation},
  author={Kolodziejczyk, Aleksandra A and Kim, Jong Kyoung and Tsang, Jason CH and Ilicic, Tomislav and Henriksson, Johan and Natarajan, Kedar N and Tuck, Alex C and Gao, Xuefei and B{\"u}hler, Marc and Liu, Pentao and others},
  journal={Cell Stem Cell},
  volume={17},
  number={4},
  pages={471--485},
  year={2015},
  publisher={Elsevier}
}

@article{treutlein2014reconstructing,
  title={Reconstructing lineage hierarchies of the distal lung epithelium using single-cell RNA-seq},
  author={Treutlein, Barbara and Brownfield, Doug G and Wu, Angela R and Neff, Norma F and Mantalas, Gary L and Espinoza, F Hernan and Desai, Tushar J and Krasnow, Mark A and Quake, Stephen R},
  journal={Nature},
  volume={509},
  number={7500},
  pages={371--375},
  year={2014},
  publisher={Nature Research}
}

@article{ting2014single,
  title={Single-cell RNA sequencing identifies extracellular matrix gene expression by pancreatic circulating tumor cells},
  author={Ting, David T and Wittner, Ben S and Ligorio, Matteo and Jordan, Nicole Vincent and Shah, Ajay M and Miyamoto, David T and Aceto, Nicola and Bersani, Francesca and Brannigan, Brian W and Xega, Kristina and others},
  journal={Cell reports},
  volume={8},
  number={6},
  pages={1905--1918},
  year={2014},
  publisher={Elsevier}
}

@article{patel2014single,
  title={Single-cell RNA-seq highlights intratumoral heterogeneity in primary glioblastoma},
  author={Patel, Anoop P and Tirosh, Itay and Trombetta, John J and Shalek, Alex K and Gillespie, Shawn M and Wakimoto, Hiroaki and Cahill, Daniel P and Nahed, Brian V and Curry, William T and Martuza, Robert L and others},
  journal={Science},
  volume={344},
  number={6190},
  pages={1396--1401},
  year={2014},
  publisher={American Association for the Advancement of Science}
}

@article{usoskin2015unbiased,
  title={Unbiased classification of sensory neuron types by large-scale single-cell RNA sequencing},
  author={Usoskin, Dmitry and Furlan, Alessandro and Islam, Saiful and Abdo, Hind and L{\"o}nnerberg, Peter and Lou, Daohua and Hjerling-Leffler, Jens and Haeggstr{\"o}m, Jesper and Kharchenko, Olga and Kharchenko, Peter V and others},
  journal={Nature neuroscience},
  volume={18},
  number={1},
  pages={145--153},
  year={2015},
  publisher={Nature Research}
}

@article{klein2015droplet,
  title={Droplet barcoding for single-cell transcriptomics applied to embryonic stem cells},
  author={Klein, Allon M and Mazutis, Linas and Akartuna, Ilke and Tallapragada, Naren and Veres, Adrian and Li, Victor and Peshkin, Leonid and Weitz, David A and Kirschner, Marc W},
  journal={Cell},
  volume={161},
  number={5},
  pages={1187--1201},
  year={2015},
  publisher={Elsevier}
}

@article{zeisel2015cell,
  title={Cell types in the mouse cortex and hippocampus revealed by single-cell RNA-seq},
  author={Zeisel, Amit and Mu{\~n}oz-Manchado, Ana B and Codeluppi, Simone and L{\"o}nnerberg, Peter and La Manno, Gioele and Jur{\'e}us, Anna and Marques, Sueli and Munguba, Hermany and He, Liqun and Betsholtz, Christer and others},
  journal={Science},
  volume={347},
  number={6226},
  pages={1138--1142},
  year={2015},
  publisher={American Association for the Advancement of Science}
}

@article{macosko2015highly,
  title={Highly parallel genome-wide expression profiling of individual cells using nanoliter droplets},
  author={Macosko, Evan Z and Basu, Anindita and Satija, Rahul and Nemesh, James and Shekhar, Karthik and Goldman, Melissa and Tirosh, Itay and Bialas, Allison R and Kamitaki, Nolan and Martersteck, Emily M and others},
  journal={Cell},
  volume={161},
  number={5},
  pages={1202--1214},
  year={2015},
  publisher={Elsevier}
}

@article{clough2016gene,
  title={The gene expression omnibus database},
  author={Clough, Emily and Barrett, Tanya},
  journal={Statistical Genomics: Methods and Protocols},
  pages={93--110},
  year={2016},
  publisher={Springer}
}

@article{yotsukura2016celltree,
  title={CellTree: an R/bioconductor package to infer the hierarchical structure of cell populations from single-cell RNA-seq data},
  author={Yotsukura, Sohiya and Nomura, Seitaro and Aburatani, Hiroyuki and Tsuda, Koji and others},
  journal={BMC bioinformatics},
  volume={17},
  number={1},
  pages={363},
  year={2016},
  publisher={BioMed Central}
}

@article{robinson2010scaling,
  title={A scaling normalization method for differential expression analysis of RNA-seq data},
  author={Robinson, Mark D and Oshlack, Alicia},
  journal={Genome biology},
  volume={11},
  number={3},
  pages={R25},
  year={2010},
  publisher={BioMed Central}
}

@article{bullard2010evaluation,
  title={Evaluation of statistical methods for normalization and differential expression in mRNA-Seq experiments},
  author={Bullard, James H and Purdom, Elizabeth and Hansen, Kasper D and Dudoit, Sandrine},
  journal={BMC bioinformatics},
  volume={11},
  number={1},
  pages={94},
  year={2010},
  publisher={BioMed Central}
}

@article{anders2010differential,
  title={Differential expression analysis for sequence count data},
  author={Anders, Simon and Huber, Wolfgang},
  journal={Genome biology},
  volume={11},
  number={10},
  pages={R106},
  year={2010},
  publisher={BioMed Central}
}

@article{delmans2016discrete,
  title={Discrete distributional differential expression (D 3 E)-a tool for gene expression analysis of single-cell RNA-seq data},
  author={Delmans, Mihails and Hemberg, Martin},
  journal={BMC bioinformatics},
  volume={17},
  number={1},
  pages={110},
  year={2016},
  publisher={BioMed Central}
}

@article{tung2017batch,
  title={Batch effects and the effective design of single-cell gene expression studies},
  author={Tung, Po-Yuan and Blischak, John D and Hsiao, Chiaowen Joyce and Knowles, David A and Burnett, Jonathan E and Pritchard, Jonathan K and Gilad, Yoav},
  journal={Scientific Reports},
  volume={7},
  year={2017},
  publisher={Nature Research}
}

@article{ding2017assessment,
  title={Assessment of single cell RNA-seq normalization methods},
  author={Ding, Bo and Zheng, Lina and Wang, Wei},
  journal={G3: Genes, Genomes, Genetics},
  pages={g3--117},
  year={2017},
  publisher={G3: Genes, Genomes, Genetics}
}

@article{zhang2017classification,
  title={Classification of RNA-Seq data via Gaussian copulas},
  author={Zhang, Qingyang},
  journal={Stat},
  year={2017},
  publisher={Wiley Online Library}
}

@book{cameron2013regression,
  title={Regression analysis of count data},
  author={Cameron, A Colin and Trivedi, Pravin K},
  volume={53},
  year={2013},
  publisher={Cambridge university press}
}

@article{do2008expectation,
  title={What is the expectation maximization algorithm?},
  author={Do, Chuong B and Batzoglou, Serafim},
  journal={Nature biotechnology},
  volume={26},
  number={8},
  pages={897},
  year={2008},
  publisher={Nature Publishing Group}
}

@article{kim2015single,
  title={Single-cell transcriptome analysis reveals dynamic changes in lncRNA expression during reprogramming},
  author={Kim, Daniel H and Marinov, Georgi K and Pepke, Shirley and Singer, Zakary S and He, Peng and Williams, Brian and Schroth, Gary P and Elowitz, Michael B and Wold, Barbara J},
  journal={Cell stem cell},
  volume={16},
  number={1},
  pages={88--101},
  year={2015},
  publisher={Elsevier}
}

@article{liu2006new,
  title={A new algorithm for simulating a correlation matrix based on parameter expansion and reparameterization},
  author={Liu, Xuefeng and Daniels, Michael J},
  journal={Journal of Computational and Graphical Statistics},
  volume={15},
  number={4},
  pages={897--914},
  year={2006},
  publisher={Taylor \& Francis}
}

@article{zhang2006sampling,
  title={Sampling correlation matrices in Bayesian models with correlated latent variables},
  author={Zhang, Xiao and Boscardin, W John and Belin, Thomas R},
  journal={Journal of Computational and Graphical Statistics},
  volume={15},
  number={4},
  pages={880--896},
  year={2006},
  publisher={Taylor \& Francis}
}

@article{vallejos2016beyond,
  title={Beyond comparisons of means: understanding changes in gene expression at the single-cell level},
  author={Vallejos, Catalina A and Richardson, Sylvia and Marioni, John C},
  journal={Genome biology},
  volume={17},
  number={1},
  pages={70},
  year={2016},
  publisher={BioMed Central}
}

@inproceedings{salojarvi2005expectation,
  title={Expectation maximization algorithms for conditional likelihoods},
  author={Saloj{\"a}rvi, Jarkko and Puolam{\"a}ki, Kai and Kaski, Samuel},
  booktitle={Proceedings of the 22nd international conference on Machine learning},
  pages={752--759},
  year={2005},
  organization={ACM}
}

@article{beale1975missing,
  title={Missing values in multivariate analysis},
  author={Beale, Evelyn ML and Little, Roderick JA},
  journal={Journal of the Royal Statistical Society. Series B (Methodological)},
  pages={129--145},
  year={1975},
  publisher={JSTOR}
}

@article{li2013finding,
  title={Finding consistent patterns: a nonparametric approach for identifying differential expression in RNA-Seq data},
  author={Li, Jun and Tibshirani, Robert},
  journal={Statistical methods in medical research},
  volume={22},
  number={5},
  pages={519--536},
  year={2013},
  publisher={Sage Publications Sage UK: London, England}
}

@incollection{hee2014copula,
  title={Copula analysis of correlated counts},
  author={Hee Lee, Esther},
  booktitle={Bayesian Model Comparison},
  pages={325--348},
  year={2014},
  publisher={Emerald Group Publishing Limited}
}

@article{bedoui2008copules,
  title={Copules et mesures du risque bidimensionnelles: application pratique aux hedge funds},
  author={BEDOUI, Rihab and DBABIS, Makrem BEN},
  journal={universit{\'e} Paris X},
  year={2008}
}

@article{planchet2010modeles,
  title={Mod{\`e}les financiers et analyses de risque dynamiques en assurance},
  author={PLANCHET, Fr{\'e}d{\'e}ric},
  journal={Mod{\`e}le de Vasicek g{\'e}n{\'e}ralis{\'e}: pr{\'e}sentation et utilisation en assurance, Support de cours},
  volume={2011},
  year={2010}
}

@article{leon2015bayesian,
  title={Bayesian Estimation of Negative Binomial Parameters with Applications to RNA-Seq Data},
  author={Leon-Novelo, Luis and Fuentes, Claudio and Emerson, Sarah},
  journal={arXiv preprint arXiv:1512.00475},
  year={2015}
}

@incollection{chen2014differential,
  title={Differential expression analysis of complex RNA-seq experiments using edgeR},
  author={Chen, Yunshun and Lun, Aaron TL and Smyth, Gordon K},
  booktitle={Statistical analysis of next generation sequencing data},
  pages={51--74},
  year={2014},
  publisher={Springer}
}

@article{yin2006clustering,
  title={Clustering of gene expression data: performance and similarity analysis},
  author={Yin, Longde and Huang, Chun-Hsi and Ni, Jun},
  journal={BMC bioinformatics},
  volume={7},
  number={4},
  pages={S19},
  year={2006},
  publisher={BioMed Central}
}

@article{datta2006methods,
  title={Methods for evaluating clustering algorithms for gene expression data using a reference set of functional classes},
  author={Datta, Susmita and Datta, Somnath},
  journal={BMC bioinformatics},
  volume={7},
  number={1},
  pages={397},
  year={2006},
  publisher={BioMed Central}
}

@article{eren2013comparative,
  title={A comparative analysis of biclustering algorithms for gene expression data},
  author={Eren, Kemal and Deveci, Mehmet and K{\"u}{\c{c}}{\"u}ktun{\c{c}}, Onur and {\c{C}}ataly{\"u}rek, {\"U}mit V},
  journal={Briefings in bioinformatics},
  volume={14},
  number={3},
  pages={279--292},
  year={2013},
  publisher={Oxford Univ Press}
}

@article{yona2009comparing,
  title={Comparing algorithms for clustering of expression data: how to assess gene clusters},
  author={Yona, Golan and Dirks, William and Rahman, Shafquat},
  journal={Computational Systems Biology},
  pages={479--509},
  year={2009},
  publisher={Springer}
}

@article{kafieh2013comprehensive,
  title={a comprehensive comparison of different clustering methods for reliability analysis of microarray data},
  author={Kafieh, Rahele and Mehridehnavi, Alireza},
  journal={Journal of medical signals and sensors},
  volume={3},
  number={1},
  pages={22},
  year={2013},
  publisher={Medknow Publications}
}

@article{bacher2017scnorm,
  title={SCnorm: robust normalization of single-cell RNA-seq data},
  author={Bacher, Rhonda and Chu, Li-Fang and Leng, Ning and Gasch, Audrey P and Thomson, James A and Stewart, Ron M and Newton, Michael and Kendziorski, Christina},
  journal={Nature Methods},
  year={2017},
  publisher={Nature Research}
}

@article{vallejos2015basics,
  title={BASiCS: Bayesian analysis of single-cell sequencing data},
  author={Vallejos, Catalina A and Marioni, John C and Richardson, Sylvia},
  journal={PLoS Comput Biol},
  volume={11},
  number={6},
  pages={e1004333},
  year={2015},
  publisher={Public Library of Science}
}

@article{vallejos2016normalizing,
  title={Normalizing single-cell RNA sequencing data: challenges and opportunities},
  author={Vallejos, CA and Risso, D and Scialdone, A and Dudoit, S and Marioni, JC},
  journal={Nature Methods},
  year={2016}
}

@inproceedings{nelsen2003properties,
  title={Properties and applications of copulas: A brief survey},
  author={Nelsen, Roger B},
  booktitle={Proceedings of the First Brazilian Conference on Statistical Modeling in Insurance and Finance,(Dhaene, J., Kolev, N., Morettin, PA (Eds.)), University Press USP: Sao Paulo},
  pages={10--28},
  year={2003},
  organization={Citeseer}
}

@article{bouye2000copulas,
  title={Copulas for finance-a reading guide and some applications},
  author={Bouy{\'e}, Eric and Durrleman, Valdo and Nikeghbali, Ashkan and Riboulet, Ga{\"e}l and Roncalli, Thierry},
  year={2000}
}

@article{scaillet2007estimation,
  title={The estimation of copulas: theory and practice},
  author={Scaillet, Olivier and Charpentier, Arthur and Fermanian, Jean-David},
  year={2007}
}

@article{silva2008copula,
  title={Copula, marginal distributions and model selection: a Bayesian note},
  author={Silva, Ralph dos Santos and Lopes, Hedibert Freitas},
  journal={Statistics and Computing},
  volume={18},
  number={3},
  pages={313--320},
  year={2008},
  publisher={Springer}
}

@book{sklar1959fonctions,
  title={Fonctions de r{\'e}partition {\`a} n dimensions et leurs marges},
  author={Sklar, M},
  year={1959},
  publisher={Universit{\'e} Paris 8}
}

@article{pitt2006efficient,
  title={Efficient Bayesian inference for Gaussian copula regression models},
  author={Pitt, Michael and Chan, David and Kohn, Robert},
  journal={Biometrika},
  pages={537--554},
  year={2006},
  publisher={JSTOR}
}

@inproceedings{peng2006clustering,
  title={Clustering gene expression patterns of fly embryos},
  author={Peng, Hanchuan and Long, Fuhui and Eisen, Michael B and Myers, Eugene W},
  booktitle={Biomedical Imaging: Nano to Macro, 2006. 3rd IEEE International Symposium on},
  pages={1144--1147},
  year={2006},
  organization={IEEE}
}

@article{tsafrir2005sorting,
  title={Sorting points into neighborhoods (SPIN): data analysis and visualization by ordering distance matrices},
  author={Tsafrir, Dan and Tsafrir, Ilan and Ein-Dor, Liat and Zuk, Or and Notterman, Daniel A and Domany, Eytan},
  journal={Bioinformatics},
  volume={21},
  number={10},
  pages={2301--2308},
  year={2005},
  publisher={Oxford Univ Press}
}

@incollection{carley2002new,
  title={A new proof of Sklar’s theorem},
  author={Carley, H and Taylor, MD},
  booktitle={Distributions with given marginals and statistical modelling},
  pages={29--34},
  year={2002},
  publisher={Springer}
}

@article{finak2015mast,
  title={MAST: a flexible statistical framework for assessing transcriptional changes and characterizing heterogeneity in single-cell RNA sequencing data},
  author={Finak, Greg and McDavid, Andrew and Yajima, Masanao and Deng, Jingyuan and Gersuk, Vivian and Shalek, Alex K and Slichter, Chloe K and Miller, Hannah W and McElrath, M Juliana and Prlic, Martin and others},
  journal={Genome biology},
  volume={16},
  number={1},
  pages={278},
  year={2015},
  publisher={BioMed Central}
}

@article{mcdavid2014modeling,
  title={Modeling bi-modality improves characterization of cell cycle on gene expression in single cells},
  author={McDavid, Andrew and Dennis, Lucas and Danaher, Patrick and Finak, Greg and Krouse, Michael and Wang, Alice and Webster, Philippa and Beechem, Joseph and Gottardo, Raphael},
  journal={PLoS Comput Biol},
  volume={10},
  number={7},
  pages={e1003696},
  year={2014},
  publisher={Public Library of Science}
}

@article{mcdavid2013data,
  title={Data exploration, quality control and testing in single-cell qPCR-based gene expression experiments},
  author={McDavid, Andrew and Finak, Greg and Chattopadyay, Pratip K and Dominguez, Maria and Lamoreaux, Laurie and Ma, Steven S and Roederer, Mario and Gottardo, Raphael},
  journal={Bioinformatics},
  volume={29},
  number={4},
  pages={461--467},
  year={2013},
  publisher={Oxford Univ Press}
}

@article{kole2007selecting,
  title={Selecting copulas for risk management},
  author={Kole, Erik and Koedijk, Kees and Verbeek, Marno},
  journal={Journal of Banking \& Finance},
  volume={31},
  number={8},
  pages={2405--2423},
  year={2007},
  publisher={Elsevier}
}

@article{yan2007enjoy,
  title={Enjoy the joy of copulas: with a package copula},
  author={Yan, Jun and others},
  journal={Journal of Statistical Software},
  volume={21},
  number={4},
  pages={1--21},
  year={2007}
}

@article{weston2015getting,
  title={Getting Started with doParallel and foreach},
  author={Weston, Steve and Calaway, Rich},
  journal={Available on https://cran. r-project. org/web/packages/doparallel/vignettes/gettingstartedparallel. pdf},
  year={2015}
}

@article{o2010not,
  title={Do not log-transform count data},
  author={O’hara, Robert B and Kotze, D Johan},
  journal={Methods in Ecology and Evolution},
  volume={1},
  number={2},
  pages={118--122},
  year={2010},
  publisher={Wiley Online Library}
}

@article{hu2011zero,
  title={Zero-inflated and hurdle models of count data with extra zeros: examples from an HIV-risk reduction intervention trial},
  author={Hu, Mei-Chen and Pavlicova, Martina and Nunes, Edward V},
  journal={The American journal of drug and alcohol abuse},
  volume={37},
  number={5},
  pages={367--375},
  year={2011},
  publisher={Taylor \& Francis}
}

@article{rose2006use,
  title={On the use of zero-inflated and hurdle models for modeling vaccine adverse event count data},
  author={Rose, Charles E and Martin, Stacey W and Wannemuehler, Kathleen A and Plikaytis, Brian D},
  journal={Journal of biopharmaceutical statistics},
  volume={16},
  number={4},
  pages={463--481},
  year={2006},
  publisher={Taylor \& Francis}
}

@article{nash2014best,
  title={On best practice optimization methods in R},
  author={Nash, John C and others},
  journal={Journal of Statistical Software},
  volume={60},
  number={2},
  pages={1--14},
  year={2014}
}

@misc{classifclustering,
  title = {Cluster analysis},
  author = {Wikipedia},
  howpublished = {\url{https://en.wikipedia.org/wiki/Cluster\_analysis}},
  note = {Accessed: 2017-06-07}
}

@book{wagner2007comparing,
  title={Comparing clusterings: an overview},
  author={Wagner, Silke and Wagner, Dorothea},
  year={2007},
  publisher={Universit{\"a}t Karlsruhe, Fakult{\"a}t f{\"u}r Informatik Karlsruhe}
}

@article{meilua2007comparing,
  title={Comparing clusterings—an information based distance},
  author={Meil{\u{a}}, Marina},
  journal={Journal of multivariate analysis},
  volume={98},
  number={5},
  pages={873--895},
  year={2007},
  publisher={Elsevier}
}

@article{santos2009use,
  title={On the use of the adjusted rand index as a metric for evaluating supervised classification},
  author={Santos, Jorge and Embrechts, Mark},
  journal={Artificial neural networks--ICANN 2009},
  pages={175--184},
  year={2009},
  publisher={Springer}
}

@article{watson2004molecular,
  title={Molecular structure of nucleic acids},
  author={Watson, James D and Crick, F HC},
  journal={Resonance},
  volume={9},
  number={11},
  pages={96--98},
  year={2004},
  publisher={Springer}
}

@article{berget1977spliced,
  title={Spliced segments at the 5' terminus of adenovirus 2 late mRNA},
  author={Berget, Susan M and Moore, Claire and Sharp, Phillip A},
  journal={Proceedings of the National Academy of Sciences},
  volume={74},
  number={8},
  pages={3171--3175},
  year={1977},
  publisher={National Acad Sciences}
}

@article{brenner1961unstable,
  title={An unstable intermediate carrying information from genes to ribosomes for protein synthesis},
  author={Brenner, Sydney and Jacob, Fran{\c{c}}ois and Meselson, Matthew},
  journal={Nature},
  volume={190},
  number={4776},
  pages={576--581},
  year={1961}
}

@misc{imgAll,
  author = {AJ Consulting Company},
  howpublished = {\url{http://www.ajconsultingcompany.com/transcription-to-translation.html}},
  note = {Accessed: 2017-06-08},
}

@misc{imgTranscription,
  author = {phschool.com},
  howpublished = {\url{http://www.phschool.com/science/biology\\\_place/biocoach/transcription/tcproc.html}},
  note = {Accessed: 2017-06-08},
}

@misc{imgTranslation,
  author = {Khan Academy},
  howpublished = {\url{https://www.khanacademy.org/science/biology/gene-expression-central-dogma/translation-polypeptides/a/translation-overview}},
  note = {Accessed: 2017-06-08},
}

@misc{imgTranslation2,
  author = {Shyanne, Brittany},
  howpublished = {\url{http://lindsayhighbiologyproject.blogspot.jp/2013/02/importance-of-translation-in-protein.html}},
  note = {Accessed: 2017-06-08},
}

@article{griffith2015informatics,
  title={Informatics for RNA sequencing: a web resource for analysis on the cloud},
  author={Griffith, Malachi and Walker, Jason R and Spies, Nicholas C and Ainscough, Benjamin J and Griffith, Obi L},
  journal={PLoS computational biology},
  volume={11},
  number={8},
  pages={e1004393},
  year={2015},
  publisher={Public Library of Science}
}

@misc{imgAlignment,
  author = {Underwood, Harold},
  title = {Short read alignment and assembly: An introduction},
  howpublished = {\url{http://slideplayer.com/slide/7907109/}},
  note = {Accessed: 2017-06-08},
}

@article{tang2009mrna,
  title={mRNA-Seq whole-transcriptome analysis of a single cell},
  author={Tang, Fuchou and Barbacioru, Catalin and Wang, Yangzhou and Nordman, Ellen and Lee, Clarence and Xu, Nanlan and Wang, Xiaohui and Bodeau, John and Tuch, Brian B and Siddiqui, Asim and others},
  journal={Nature methods},
  volume={6},
  number={5},
  pages={377--382},
  year={2009},
  publisher={Nature Publishing Group}
}

@inproceedings{ester1996density,
  title={A density-based algorithm for discovering clusters in large spatial databases with noise.},
  author={Ester, Martin and Kriegel, Hans-Peter and Sander, J{\"o}rg and Xu, Xiaowei and others},
  booktitle={Kdd},
  volume={96},
  number={34},
  pages={226--231},
  year={1996}
}

@article{melnykov2009model,
  title={MODEL-BASED SEMI-SUPERVISED CLUSTERING},
  author={Melnykov, Volodymyr and Chen, Wei-Chen and Maitra, Ranjan},
  journal={Some theoretical contributions to the evaluation and assessment of finite mixture models with applications},
  pages={123},
  year={2009}
}

@article{fraley1999mclust,
  title={MCLUST: Software for model-based cluster analysis},
  author={Fraley, Chris and Raftery, Adrian E},
  journal={Journal of classification},
  volume={16},
  number={2},
  pages={297--306},
  year={1999},
  publisher={Springer}
  }
  
  @article{stein2001wormbase,
  title={WormBase: network access to the genome and biology of Caenorhabditis elegans},
  author={Stein, Lincoln and Sternberg, Paul and Durbin, Richard and Thierry-Mieg, Jean and Spieth, John},
  journal={Nucleic acids research},
  volume={29},
  number={1},
  pages={82--86},
  year={2001},
  publisher={Oxford Univ Press}
}

@article{southern2001dna,
  title={DNA microarrays: history and overview},
  author={Southern, Edwin M},
  journal={DNA Arrays: Methods and Protocols},
  pages={1--15},
  year={2001},
  publisher={Springer}
}

@article{chang1983binding,
  title={Binding of cells to matrixes of distinct antibodies coated on solid surface},
  author={Chang, Tse-Wen},
  journal={Journal of immunological methods},
  volume={65},
  number={1-2},
  pages={217--223},
  year={1983},
  publisher={Elsevier}
}

@misc{imgMicroarray,
  title = {{Introduction to DNA Microarrays}},
  author = {Grigoryev, Yevgeniy},
  howpublished = {\url{http://bitesizebio.com/7206/introduction-to-dna-microarrays/}},
  note = {Accessed: 2017-06-09}
}

@misc{microarraywiki,
  title = {{Microarray}},
  author = {Wikipedia},
  howpublished = {\url{https://en.wikipedia.org/wiki/Microarray}},
  note = {Accessed: 2017-06-09}
}

@article{schena1995quantitative,
  title={Quantitative monitoring of gene expression patterns with a complementary DNA microarray},
  author={Schena, Mark and Shalon, Dari and Davis, Ronald W and Brown, Patrick O},
  journal={Science},
  volume={270},
  number={5235},
  pages={467},
  year={1995},
  publisher={The American Association for the Advancement of Science}
}

@article{ooms2014jsonlite,
  title={The jsonlite package: A practical and consistent mapping between json data and r objects},
  author={Ooms, Jeroen},
  journal={arXiv preprint arXiv:1403.2805},
  year={2014}
}

@article{gentleman2011genefilter,
  title={Genefilter: Methods for filtering genes from microarray experiments},
  author={Gentleman, R and Carey, V and Huber, W and Hahne, F},
  journal={R package version},
  volume={1},
  number={0},
  year={2011}
}

@article{gaujoux2010flexible,
  title={A flexible R package for nonnegative matrix factorization},
  author={Gaujoux, Renaud and Seoighe, Cathal},
  journal={BMC bioinformatics},
  volume={11},
  number={1},
  pages={367},
  year={2010},
  publisher={BioMed Central}
}

@article{jackman2007pscl,
  title={The pscl package},
  author={Jackman, Simon and Fearon, Jim and Jackman, Maintainer Simon and MCMCpack, Suggests},
  journal={Soware. http://cran. rproject. org/src/contrib/Descriptions/pscl. html},
  year={2007}
}

@article{sing2005rocr,
  title={ROCR: visualizing classifier performance in R},
  author={Sing, Tobias and Sander, Oliver and Beerenwinkel, Niko and Lengauer, Thomas},
  journal={Bioinformatics},
  volume={21},
  number={20},
  pages={3940--3941},
  year={2005},
  publisher={Oxford Univ Press}
}

@article{ilienko2013continuous,
  title={Continuous counterparts of Poisson and binomial distributions and their properties},
  author={Ilienko, Andrii},
  journal={arXiv preprint arXiv:1303.5990},
  year={2013}
}

@article{chandra2012continuous,
  title={A continuous version of the negative binomial distribution},
  author={Chandra, Nimai Kumar and Roy, Dilip},
  journal={Statistica},
  volume={72},
  number={1},
  pages={81},
  year={2012},
  publisher={Universit{\`a} degli Studi di Bologna, Department of Statistical Sciences, Alma Mater Studiorum}
}

@article{abid2016continuous,
  title={On The Continuous Poisson Distribution},
  author={Abid, Salah H and Mohammed, Sajad H},
  journal={International Journal of Data Envelopment Analysis and* Operations Research*},
  volume={2},
  number={1},
  pages={7--15},
  year={2016},
  publisher={Science and Education Publishing}
}

@misc{imgCelegans,
  title = {{Caenorhabditis (French)}},
  howpublished = {\url{https://fr.wikipedia.org/wiki/Caenorhabditis}},
  author = {Wikipedia},
  note = {Accessed: 2017-06-13}
}

@misc{imgCiona,
  title = {{Ciona intestinalis}},
  howpublished = {\url{https://en.wikipedia.org/wiki/Ciona\_intestinalis}},
  author = {Wikipedia},
  note = {Accessed: 2017-06-13}
}

@misc{imgTreecut,
  title = {{Cutting SciPy hierarchical dendrogram into clusters via a threshold value}},
  howpublished = {\url{https://stackoverflow.com/questions/28687882/cutting-scipy-hierarchical-dendrogram-into-clusters-via-a-threshold-value}},
  author = {Stack Overflow},
  note = {Accessed: 2017-07-8}
}

@unpublished{suyama2016singlecell,
  title={Single cell transcriptome analysis in Ciona intestinalis},
  author={Suyama, Ritsuko and Tavares-Cadete, Filipe and Ilsley, Garth},
  institution={Okinawa Institute of Science and Technology},
  howpublished={Slides},
  note={private communication},
  year={2016}
}

@misc{illuminarnamicroarray,
  title = {{RNA-Seq & Microarray Technology Comparison}},
  howpublished = {\url{https://www.illumina.com/technology/next-generation-sequencing/mrna-seq.html}},
  author = {Illumina},
  note = {Accessed: 2017-06-13}
}

@article{barbazuk2007snp,
  title={SNP discovery via 454 transcriptome sequencing},
  author={Barbazuk, W Brad and Emrich, Scott J and Chen, Hsin D and Li, Li and Schnable, Patrick S},
  journal={The plant journal},
  volume={51},
  number={5},
  pages={910--918},
  year={2007},
  publisher={Wiley Online Library}
}

@article{zhao2014comparison,
  title={Comparison of RNA-Seq and microarray in transcriptome profiling of activated T cells},
  author={Zhao, Shanrong and Fung-Leung, Wai-Ping and Bittner, Anton and Ngo, Karen and Liu, Xuejun},
  journal={PloS one},
  volume={9},
  number={1},
  pages={e78644},
  year={2014},
  publisher={Public Library of Science}
}

@article{wang2009rna,
  title={RNA-Seq: a revolutionary tool for transcriptomics},
  author={Wang, Zhong and Gerstein, Mark and Snyder, Michael},
  journal={Nature reviews genetics},
  volume={10},
  number={1},
  pages={57--63},
  year={2009},
  publisher={Nature Publishing Group}
}

@article{hennig2010methods,
  title={Methods for merging Gaussian mixture components},
  author={Hennig, Christian},
  journal={Advances in data analysis and classification},
  volume={4},
  number={1},
  pages={3--34},
  year={2010},
  publisher={Springer}
}

@inproceedings{nelsen2003properties,
  title={Properties and applications of copulas: A brief survey},
  author={Nelsen, Roger B},
  booktitle={Proceedings of the First Brazilian Conference on Statistical Modeling in Insurance and Finance,(Dhaene, J., Kolev, N., Morettin, PA (Eds.)), University Press USP: Sao Paulo},
  pages={10--28},
  year={2003}
}

@article{gijbels2014distribution,
  title={On the distribution of sums of random variables with copula-induced dependence},
  author={Gijbels, Ir{\`e}ne and Herrmann, Klaus},
  journal={Insurance: Mathematics and Economics},
  volume={59},
  pages={27--44},
  year={2014},
  publisher={Elsevier}
}

@article{ko2008sums,
  title={Sums of dependent nonnegative random variables with subexponential tails},
  author={Ko, Bangwon and Tang, Qihe},
  journal={Journal of Applied Probability},
  volume={45},
  number={01},
  pages={85--94},
  year={2008},
  publisher={Cambridge Univ Press}
}

@article{rand1971objective,
  title={Objective criteria for the evaluation of clustering methods},
  author={Rand, William M},
  journal={Journal of the American Statistical association},
  volume={66},
  number={336},
  pages={846--850},
  year={1971},
  publisher={Taylor \& Francis Group}
}

@inproceedings{silva2009mcmc,
  title={MCMC methods for Bayesian mixtures of copulas},
  author={Silva, Ricardo and Gramacy, Robert B},
  booktitle={International Conference on Artificial Intelligence and Statistics},
  pages={512--519},
  year={2009}
}

@inproceedings{kirshner2008learning,
  title={Learning with tree-averaged densities and distributions},
  author={Kirshner, Sergey},
  booktitle={Advances in Neural Information Processing Systems},
  pages={761--768},
  year={2008}
}

@article{ma2012dependence,
  title={Dependence tree structure estimation via copula},
  author={Ma, Jian and Sun, Zeng-Qi and Chen, Sheng and Liu, Hong-Hai},
  journal={International Journal of Automation and Computing},
  volume={9},
  number={2},
  pages={113--121},
  year={2012},
  publisher={Springer}
}

@inproceedings{lopez2013gaussian,
  title={Gaussian process vine copulas for multivariate dependence},
  author={Lopez-Paz, David and Hern{\'a}ndez-Lobato, Jos{\'e} M and Ghahramani, Zoubin},
  booktitle={Proceedings of the 30th International Conference on Machine Learning (ICML-13)},
  pages={10--18},
  year={2013}
}

@article{schwabe2012transcription,
  title={Transcription stochasticity of complex gene regulation models},
  author={Schwabe, Anne and Rybakova, Katja N and Bruggeman, Frank J},
  journal={Biophysical Journal},
  volume={103},
  number={6},
  pages={1152--1161},
  year={2012},
  publisher={Elsevier}
}

@article{basset2012epigenetic,
  title={An epigenetic switch mediates bistable expression of the type 1 pilus genes in Streptococcus pneumoniae},
  author={Basset, Alan and Turner, Keith H and Boush, Elizabeth and Sayeed, Sabina and Dove, Simon L and Malley, Richard},
  journal={Journal of bacteriology},
  volume={194},
  number={5},
  pages={1088--1091},
  year={2012},
  publisher={Am Soc Microbiol}
}

@article{bessarabova2010bimodal,
  title={Bimodal gene expression patterns in breast cancer},
  author={Bessarabova, Marina and Kirillov, Eugene and Shi, Weiwei and Bugrim, Andrej and Nikolsky, Yuri and Nikolskaya, Tatiana},
  journal={BMC genomics},
  volume={11},
  number={1},
  pages={S8},
  year={2010},
  publisher={BioMed Central}
}

@article{ochab2010bimodal,
  title={Bimodal gene expression in noncooperative regulatory systems},
  author={Ochab-Marcinek, Anna and Tabaka, Marcin},
  journal={Proceedings of the National Academy of Sciences},
  volume={107},
  number={51},
  pages={22096--22101},
  year={2010},
  publisher={National Acad Sciences}
}

@article{sun2017dimm,
  title={DIMM-SC: A Dirichlet mixture model for clustering droplet-based single cell transcriptomic data},
  author={Sun, Zhe and Wang, Ting and Deng, Ke and Wang, Xiao-Feng and Lafyatis, Robert and Ding, Ying and Hu, Ming and Chen, Wei},
  journal={arXiv preprint arXiv:1704.02007},
  year={2017}
}

@phdthesis{chen2006modelling,
    author={Chen, Tommy},
    title={Modelling with parameter mixture copulas},
    school={University of Sydney},
    year={2006},
    howpublished={\url{http://bla.nointrigue.com/thesis/Thesis/04_Ch2_Copul.pdf}},
    note={Accessed on 06-19-2017}
}

@article{matsuoka2013transcriptome,
  title={Transcriptome dynamics in early embryos of the ascidian, Ciona intestinalis},
  author={Matsuoka, Terumi and Ikeda, Tatsuro and Fujimaki, Kotaro and Satou, Yutaka},
  journal={Developmental biology},
  volume={384},
  number={2},
  pages={375--385},
  year={2013},
  publisher={Elsevier}
}

@article{imai2006regulatory,
  title={Regulatory blueprint for a chordate embryo},
  author={Imai, Kaoru S and Levine, Michael and Satoh, Nori and Satou, Yutaka},
  journal={Science},
  volume={312},
  number={5777},
  pages={1183--1187},
  year={2006},
  publisher={American Association for the Advancement of Science}
}

@article{vrac2012copula,
  title={Copula analysis of mixture models},
  author={Vrac, Mathieu and Billard, Lynne and Diday, Edwin and Ch{\'e}din, Alain},
  journal={Computational Statistics},
  pages={1--31},
  year={2012},
  publisher={Springer}
}

@misc{habeck2014common,
  title = {{A common statistical misunderstanding in Psychology: Do we need normally distributed independent or dependent variables for linear regression to work?}},
  howpublished = {\url{http://www.columbia.edu/cu/bnet/StatisticalFallacy_July2014.pdf}},
  author = {Habeck, Christian G. and Brickman, Adam M.},
  school = {Columbia University},
  note = {Accessed: 2017-06-21}
}

@article{embrechts2013statistical,
  title={Statistical inference for copulas in high dimensions: A simulation study},
  author={Embrechts, Paul and Hofert, Marius},
  journal={Astin Bulletin},
  volume={43},
  number={02},
  pages={81--95},
  year={2013},
  publisher={Cambridge Univ Press}
}

@article{kim2013mixture,
  title={Mixture of D-vine copulas for modeling dependence},
  author={Kim, Daeyoung and Kim, Jong-Min and Liao, Shu-Min and Jung, Yoon-Sung},
  journal={Computational Statistics \& Data Analysis},
  volume={64},
  pages={1--19},
  year={2013},
  publisher={Elsevier}
}

@article{longla2015mixtures,
  title={On mixtures of copulas and mixing coefficients},
  author={Longla, Martial},
  journal={Journal of Multivariate Analysis},
  volume={139},
  pages={259--265},
  year={2015},
  publisher={Elsevier}
}

@article{kojadinovic2011fast,
  title={Fast large-sample goodness-of-fit tests for copulas},
  author={Kojadinovic, Ivan and Yan, Jun and Holmes, Mark},
  journal={Statistica Sinica},
  pages={841--871},
  year={2011},
  publisher={JSTOR}
}

@techreport{lindner2005limit,
  title={A limit theorem for copulas},
  author={Lindner, Alexander M and Szimayer, Alexander},
  year={2005},
  institution={Discussion paper//Sonderforschungsbereich 386 der Ludwig-Maximilians-Universit‰ t M{\c{}} nchen}
}

@article{kework2012copula,
  title={Copula Modeling Dependence with Continuous Margins with Application by Using the Package R},
  author={Kework, Luseen Immanuel},
  journal={Journal of Humanity Sciences},
  number={52},
  year={2012}
}

@unpublished{petersLecture,
  title={Logit, Probit & Ordinal Models (Lecture 1)},
  author={Peters, David},
  institution={Iowa State University},
  howpublished={\url{http://www.soc.iastate.edu/sapp/soc512LogisticNotes.pdf}},
  note={Accessed: 2017-06-21},
  year={2016}
}

@misc{andersonLogistic,
  title = {{Logistic Regression}},
  author = {Anderson, Shakesha},
  howpublished = {\url{http://schatz.sju.edu/multivar/guide/logistic.pdf}},
  note = {Accessed: 2017-06-21}
}

@misc{frostWhy,
  title = {{Why You Need to Check Your Residual Plots for Regression Analysis: Or, To Err is Human, To Err Randomly is Statistically Divine}},
  author = {Frost, Jim},
  year = {2012},
  howpublished = {\url{http://blog.minitab.com/blog/adventures-in-statistics-2/why-you-need-to-check-your-residual-plots-for-regression-analysis}},
  note = {Accessed: 2017-06-21}
}

@article{mitchell2016generative,
  title={Generative and discriminative classifiers: naive Bayes and logistic regression, 2005},
  author={Mitchell, T},
  journal={Manuscript available at http://www. cs. cm. edu/\~{} tom/NewChapters. html},
  year={2016}
}

@article{ng2002discriminative,
  title={On discriminative vs. generative classifiers: A comparison of logistic regression and naive bayes},
  author={Ng, Andrew Y and Jordan, Michael I},
  journal={Advances in neural information processing systems},
  volume={2},
  pages={841--848},
  year={2002},
  publisher={MIT; 1998}
}

@article{garson2012testing,
  title={Testing statistical assumptions},
  author={Garson, G David},
  journal={Asheboro, NC: Statistical Associates Publishing},
  year={2012},
  publisher={San Francisco: Jossey-Bass}
}

@article{fraley2002model,
  title={Model-based clustering, discriminant analysis, and density estimation},
  author={Fraley, Chris and Raftery, Adrian E},
  journal={Journal of the American statistical Association},
  volume={97},
  number={458},
  pages={611--631},
  year={2002},
  publisher={Taylor \& Francis}
}

@article{fraley2007bayesian,
  title={Bayesian regularization for normal mixture estimation and model-based clustering},
  author={Fraley, Chris and Raftery, Adrian E},
  journal={Journal of Classification},
  volume={24},
  number={2},
  pages={155--181},
  year={2007},
  publisher={Springer}
}

@article{yu2013shrinkage,
  title={Shrinkage estimation of dispersion in Negative Binomial models for RNA-seq experiments with small sample size},
  author={Yu, Danni and Huber, Wolfgang and Vitek, Olga},
  journal={Bioinformatics},
  volume={29},
  number={10},
  pages={1275--1282},
  year={2013},
  publisher={Oxford University Press}
}

@article{bonafede2016modeling,
  title={Modeling overdispersion heterogeneity in differential expression analysis using mixtures},
  author={Bonafede, Elisabetta and Picard, Franck and Robin, St{\'e}phane and Viroli, Cinzia},
  journal={Biometrics},
  volume={72},
  number={3},
  pages={804--814},
  year={2016},
  publisher={Wiley Online Library}
}

@article{inouye2017review,
  title={A review of multivariate distributions for count data derived from the Poisson distribution},
  author={Inouye, David I and Yang, Eunho and Allen, Genevera I and Ravikumar, Pradeep},
  journal={Wiley Interdisciplinary Reviews: Computational Statistics},
  volume={9},
  number={3},
  year={2017},
  publisher={Wiley Online Library}
}

@article{smith2013comparison,
  title={A comparison of logistic regression pseudo R2 indices},
  author={Smith, Thomas J and McKenna, Cornelius M},
  journal={Multiple Linear Regression Viewpoints},
  volume={39},
  number={2},
  pages={17--26},
  year={2013}
}

@article{han2016correlation,
  title={On the Correlation Structure of Gaussian Copula Models for Geostatistical Count Data},
  author={Han, Zifei and De Oliveira, Victor},
  journal={Australian \& New Zealand Journal of Statistics},
  volume={58},
  number={1},
  pages={47--69},
  year={2016},
  publisher={Wiley Online Library}
}

@inproceedings{masarotto2011gaussian,
  title={Gaussian copula regression using R},
  author={Masarotto, Guido and Varin, Cristiano},
  booktitle={The R User Conference, useR! 2011 August 16-18 2011 University of Warwick, Coventry, UK},
  pages={95},
  year={2011}
}

@article{hoffman2016variancepartition,
  title={variancePartition: Quantifying and interpreting drivers of},
  author={Hoffman, Gabriel},
  year={2016}
}

@article{guenther1972simple,
  title={A simple approximation to the negative binomial (and regular binomial)},
  author={Guenther, William C},
  journal={Technometrics},
  volume={14},
  number={2},
  pages={385--389},
  year={1972},
  publisher={Taylor \& Francis Group}
}

@article{best1974improved,
  title={An improved gamma approximation to the negative binomial},
  author={Best, DJ and Gipps, PG},
  journal={Technometrics},
  volume={16},
  number={4},
  pages={621--624},
  year={1974},
  publisher={Taylor \& Francis}
}

@misc{datasetsSource,
  author = {Hemberg lab},
  howpublished = {\url{https://hemberg-lab.github.io/scRNA.seq.datasets/}},
  note = {Accessed: 2017-06-30},
}

@article{xue2000multivariate,
  title={Multivariate dispersion models generated from Gaussian copula},
  author={Xue-Kun Song, Peter},
  journal={Scandinavian Journal of Statistics},
  volume={27},
  number={2},
  pages={305--320},
  year={2000},
  publisher={Wiley Online Library}
}

@article{de2013hierarchical,
  title={Hierarchical Poisson models for spatial count data},
  author={De Oliveira, Victor},
  journal={Journal of Multivariate Analysis},
  volume={122},
  pages={393--408},
  year={2013},
  publisher={Elsevier}
}

@phdthesis{andreassen2013models,
  title={Models and inference for correlated count data},
  author={Andreassen, Camilla Mondrup},
  year={2013},
  school={Department of Mathematics, Aarhus University}
}

@incollection{yan2006multivariate,
  title={Multivariate modeling with copulas and engineering applications},
  author={Yan, Jun},
  booktitle={Springer Handbook of Engineering Statistics},
  pages={973--990},
  year={2006},
  publisher={Springer}
}

@inproceedings{stitou2009copulas,
  title={Copulas based multivariate gamma modeling for texture classification},
  author={Stitou, Youssef and Lasmar, Noureddine and Berthoumieu, Yannick},
  booktitle={Acoustics, Speech and Signal Processing, 2009. ICASSP 2009. IEEE International Conference on},
  pages={1045--1048},
  year={2009},
  organization={IEEE}
}

@article{murray2013bayesian,
  title={Bayesian Gaussian copula factor models for mixed data},
  author={Murray, Jared S and Dunson, David B and Carin, Lawrence and Lucas, Joseph E},
  journal={Journal of the American Statistical Association},
  volume={108},
  number={502},
  pages={656--665},
  year={2013},
  publisher={Taylor \& Francis}
}

@article{kosmidis2014model,
  title={Model-based clustering using copulas with applications},
  author={Kosmidis, Ioannis and Karlis, Dimitris},
  journal={arXiv preprint arXiv:1404.4077},
  year={2014}
}

@incollection{nikoloulopoulos2013copula,
  title={Copula-based models for multivariate discrete response data},
  author={Nikoloulopoulos, Aristidis K},
  booktitle={Copulae in Mathematical and Quantitative Finance},
  pages={231--249},
  year={2013},
  publisher={Springer}
}

@article{de2003note,
  title={A note on the correlation structure of transformed Gaussian random fields},
  author={De Oliveira, Victor},
  journal={Australian \& New Zealand Journal of Statistics},
  volume={45},
  number={3},
  pages={353--366},
  year={2003},
  publisher={Wiley Online Library}
}

@book{abrahamsen1997review,
  title={A review of Gaussian random fields and correlation functions},
  author={Abrahamsen, Petter},
  year={1997},
  publisher={Norsk Regnesentral/Norwegian Computing Center}
}

@article{vera2008r,
  title={R/parallel--speeding up bioinformatics analysis with R},
  author={Vera, Gonzalo and Jansen, Ritsert C and Suppi, Remo L},
  journal={BMC bioinformatics},
  volume={9},
  number={1},
  pages={390},
  year={2008},
  publisher={BioMed Central}
}

@article{aslan2002comparison,
  title={Comparison of different goodness-of-fit tests},
  author={Aslan, B and Zech, G},
  journal={arXiv preprint math/0207300},
  year={2002}
}

@article{panchenko2005goodness,
  title={Goodness-of-fit test for copulas},
  author={Panchenko, Valentyn},
  journal={Physica A: Statistical Mechanics and its Applications},
  volume={355},
  number={1},
  pages={176--182},
  year={2005},
  publisher={Elsevier}
}

@article{genest2009goodness,
  title={Goodness-of-fit tests for copulas: A review and a power study},
  author={Genest, Christian and R{\'e}millard, Bruno and Beaudoin, David},
  journal={Insurance: Mathematics and economics},
  volume={44},
  number={2},
  pages={199--213},
  year={2009},
  publisher={Elsevier}
}

@article{arbenz2013bayesian,
  title={Bayesian Copulae Distributions, with Application to Operational Risk Management--Some Comments},
  author={Arbenz, Philipp},
  journal={Methodology and Computing in Applied Probability},
  volume={15},
  number={1},
  pages={105},
  year={2013},
  publisher={Springer Science \& Business Media}
}

@book{arnold2009advances,
  title={Advances in Mathematical and Statistical Modeling},
  author={Arnold, Barry C and Balakrishnan, N and Alegria, Jose-Maria Sarabia and Minguez, Roberto},
  year={2009},
  publisher={Springer Science \& Business Media}
}

@article{kendall1938new,
  title={A new measure of rank correlation},
  author={Kendall, Maurice G},
  journal={Biometrika},
  volume={30},
  number={1/2},
  pages={81--93},
  year={1938},
  publisher={JSTOR}
}

@article{genz1992numerical,
  title={Numerical computation of multivariate normal probabilities},
  author={Genz, Alan},
  journal={Journal of computational and graphical statistics},
  volume={1},
  number={2},
  pages={141--149},
  year={1992},
  publisher={Taylor \& Francis}
}

@article{guyon2003introduction,
  title={An introduction to variable and feature selection},
  author={Guyon, Isabelle and Elisseeff, Andr{\'e}},
  journal={Journal of machine learning research},
  volume={3},
  number={Mar},
  pages={1157--1182},
  year={2003}
}

@article{hira2015review,
  title={A review of feature selection and feature extraction methods applied on microarray data},
  author={Hira, Zena M and Gillies, Duncan F},
  journal={Advances in bioinformatics},
  volume={2015},
  year={2015},
  publisher={Hindawi Publishing Corporation}
}

@article{jirapech2005feature,
  title={Feature selection and classification for microarray data analysis: Evolutionary methods for identifying predictive genes},
  author={Jirapech-Umpai, Thanyaluk and Aitken, Stuart},
  journal={BMC bioinformatics},
  volume={6},
  number={1},
  pages={148},
  year={2005},
  publisher={BioMed Central}
}

@article{latkowski2014feature,
  title={Feature selection methods in application to gene expression: autism data},
  author={LATKOWSKI, Tomasz and OSOWSKI, Stanis{\l}aw},
  journal={Przegl{\k{a}}d Elektrotechniczny},
  volume={90},
  number={8},
  pages={199--204},
  year={2014}
}

@article{chiu2012matrix,
  title={Matrix probing and its conditioning},
  author={Chiu, Jiawei and Demanet, Laurent},
  journal={SIAM Journal on Numerical Analysis},
  volume={50},
  number={1},
  pages={171--193},
  year={2012},
  publisher={SIAM}
}

@article{schafer2005shrinkage,
  title={A shrinkage approach to large-scale covariance matrix estimation and implications for functional genomics},
  author={Sch{\"a}fer, Juliane and Strimmer, Korbinian},
  journal={Statistical applications in genetics and molecular biology},
  volume={4},
  number={1},
  year={2005}
}

@inproceedings{chen2009shrinkage,
  title={Shrinkage estimation of high dimensional covariance matrices},
  author={Chen, Yilun and Wiesel, Ami and Hero, Alfred O},
  booktitle={Acoustics, Speech and Signal Processing, 2009. ICASSP 2009. IEEE International Conference on},
  pages={2937--2940},
  year={2009},
  organization={IEEE}
}

@article{pearson1901liii,
  title={LIII. On lines and planes of closest fit to systems of points in space},
  author={Pearson, Karl},
  journal={The London, Edinburgh, and Dublin Philosophical Magazine and Journal of Science},
  volume={2},
  number={11},
  pages={559--572},
  year={1901},
  publisher={Taylor \& Francis}
}

@article{kuhn2008caret,
  title={Caret package},
  author={Kuhn, Max},
  journal={Journal of Statistical Software},
  volume={28},
  number={5},
  pages={1--26},
  year={2008}
}

@article{joe1996estimation,
  title={The estimation method of inference functions for margins for multivariate models},
  author={Joe, Harry and Xu, James Jianmeng},
  year={1996}
}

@article{rodriguez2013models,
  title={Models for count data with overdispersion},
  author={Rodr{\i}guez, Germ{\'a}n},
  year={2013}
}

@article{rousseeuw1987silhouettes,
  title={Silhouettes: a graphical aid to the interpretation and validation of cluster analysis},
  author={Rousseeuw, Peter J},
  journal={Journal of computational and applied mathematics},
  volume={20},
  pages={53--65},
  year={1987},
  publisher={Elsevier}
}

@article{hastie2001estimating,
  title={Estimating the number of data clusters via the Gap statistic},
  author={Hastie, Trevor and Tibshirani, Robert and Walther, Guenther},
  journal={J Roy Stat Soc B},
  volume={63},
  pages={411--423},
  year={2001}
}

@article{wattenberg2016how,
  author = {Wattenberg, Martin and Viégas, Fernanda and Johnson, Ian},
  title = {How to Use t-SNE Effectively},
  journal = {Distill},
  year = {2016},
  url = {\url{http://distill.pub/2016/misread-tsne}},
  doi = {10.23915/distill.00002}
}

@misc{featureselectioncaret,
  title = {{Feature Selection with the Caret R package}},
  howpublished = {\url{http://machinelearningmastery.com/feature-selection-with-the-caret-r-package/}},
  author = {Brownlee, J.},
  note = {Accessed: 2017-07-26}
}

@misc{normMethods,
  title = {{RPKM, FPKM and TPM, clearly explained}},
  howpublished = {\url{http://www.rna-seqblog.com/rpkm-fpkm-and-tpm-clearly-explained/}},
  author = {RNA-seq blog},
  note = {Accessed: 2017-07-31}
}

@misc{boxplot,
  title = {{about boxplot}},
  howpublished = {\url{http://onetipperday.blogspot.jp/2012/06/about-boxplot.html}},
  note = {Accessed: 2017-07-26}
}

@misc{outliercorr,
  title = {{Outliers and the correlation coefficient}},
  howpublished = {\url{http://andreykostenko.com/outliers-and-the-correlation-coefficient/}},
  author = {Kostenko, A.},
  note = {Accessed: 2017-07-26}
}

@article{stone1977consistent,
  title={Consistent nonparametric regression},
  author={Stone, Charles J},
  journal={The annals of statistics},
  pages={595--620},
  year={1977},
  publisher={JSTOR}
}

@article{jaskowiak2014selection,
  title={On the selection of appropriate distances for gene expression data clustering},
  author={Jaskowiak, Pablo A and Campello, Ricardo JGB and Costa, Ivan G},
  journal={BMC bioinformatics},
  volume={15},
  number={2},
  pages={S2},
  year={2014},
  publisher={BioMed Central}
}

@Manual{baser,
    title = {R: A Language and Environment for Statistical Computing},
    author = {{R Core Team}},
    organization = {R Foundation for Statistical Computing},
    address = {Vienna, Austria},
    year = {2016},
    url = {https://www.R-project.org/},
}
  
@Manual{mastr,
    title = {MAST: Model-based Analysis of Single Cell Transcriptomics},
    author = {Andrew McDavid and Greg Finak and Masanao Yajima},
    year = {2016},
    note = {R package version 1.0.5},
    url = {https://github.com/RGLab/MAST/},
}
  
@Manual{mvtnormr,
    title = {mvtnorm: Multivariate Normal and t Distributions},
    author = {Genz, A. and Bretz, F. and Miwa, T. and Mi, X. and Leisch, F. and Scheipl, F. and Hothorn, T.},
    year = {2017},
    note = {R package version 1.0-6},
    url = {http://CRAN.R-project.org/package=mvtnorm},
}
  
@Manual{doparallelr,
    title = {doParallel: Foreach Parallel Adaptor for the 'parallel' Package},
    author = {Revolution Analytics and Steve Weston},
    year = {2015},
    note = {R package version 1.0.10},
    url = {https://CRAN.R-project.org/package=doParallel},
}

@Manual{caretr,
    title = {caret: Classification and Regression Training},
    author = {Max Kuhn. Contributions from Jed Wing and Steve Weston and Andre Williams and Chris Keefer and Allan Engelhardt and Tony Cooper and Zachary Mayer and Brenton Kenkel and the R Core Team and Michael Benesty and Reynald Lescarbeau and Andrew Ziem and Luca Scrucca and Yuan Tang and Can Candan and Tyler Hunt.},
    year = {2017},
    note = {R package version 6.0-76},
    url = {https://CRAN.R-project.org/package=caret},
}

@Manual{matrixr,
    title = {Matrix: Sparse and Dense Matrix Classes and Methods},
    author = {Douglas Bates and Martin Maechler},
    year = {2017},
    note = {R package version 1.2-8},
    url = {https://CRAN.R-project.org/package=Matrix},
}

@Manual{corpcorr,
    title = {corpcor: Efficient Estimation of Covariance and (Partial) Correlation},
    author = {Juliane Schafer and Rainer Opgen-Rhein and Verena Zuber and Miika Ahdesmaki and A. Pedro Duarte Silva and Korbinian Strimmer.},
    year = {2017},
    note = {R package version 1.6.9},
    url = {https://CRAN.R-project.org/package=corpcor},
}

@Article{fastclusterr,
    title = {{fastcluster}: Fast Hierarchical, Agglomerative Clustering Routines for {R} and {Python}},
    author = {Daniel M\"ullner},
    journal = {Journal of Statistical Software},
    year = {2013},
    volume = {53},
    number = {9},
    pages = {1--18},
    url = {http://www.jstatsoft.org/v53/i09/},
}

@Article{sc3r,
    title = {SC3 - consensus clustering of single-cell RNA-Seq data},
    author = {Vladimir Yu. Kiselev and Kristina Kirschner and Michael T. Schaub and Tallulah Andrews and Andrew Yiu and Tamir Chandra and Kedar N Natarajan and Wolf Reik and Mauricio Barahona and Anthony R Green and Martin Hemberg},
    year = {2017},
    journal = {Nature Methods},
    url = {http://dx.doi.org/10.1038/nmeth.4236},
}

@Manual{pcareducer,
    title = {pcaReduce: Hierarchical Clustering of Single Cell Transcriptional Profiles},
    author = {Justina Zurauskiene and Christopher Yau},
    year = {2015},
    note = {R package version 1.0},
}

@Article{pcamethodsr,
    title = {pcaMethods -- a Bioconductor package providing PCA methods for incomplete	data},
    author = {Wolfram Stacklies and Henning Redestig and Matthias Scholz and Dirk Walther and Joachim Selbig},
    journal = {Bioinformatics},
    year = {2007},
    pages = {1164--1167},
    volume = {23},
}

@Manual{scaterr,
    title = {scater: Single-cell analysis toolkit for gene expression data in R},
    author = {Davis McCarthy and Quin Wills and Kieran Campbell},
    year = {2016},
    note = {R package version 1.2.0},
    url = {https://github.com/davismcc/scater},
}

@techreport{mclustr,
    title = {mclust Version 4 for R: Normal Mixture Modeling for Model-Based Clustering, Classification, and Density Estimation Technical Report No. 597},
    author = {Chris Fraley and Adrian E. Raftery and T. Brendan Murphy and and Luca Scrucca},
    year = {2012},
    group={Department of Statistics},
    institution = {University of Washington}
}

@Manual{rtsner,
    title = {Rtsne: T-Distributed Stochastic Neighbor Embedding using a Barnes-Hut Implementation},
    author = {Jesse H. Krijthe},
    year = {2015},
    url = {https://github.com/jkrijthe/Rtsne},
}

@misc{tsnebug,
  title = {{TSNE test}},
  howpublished = {\url{http://www.bioinformatics.babraham.ac.uk/tsne/}},
  author = {Bioinformatics Group, Babraham Institute},
  note = {Accessed: 2017-07-26}
}

@Manual{sincerar,
    title = {SINCERA: An R implementation of SINCERA pipeline for processing
single-cell RNA-seq data.},
    author = {Minzhe Guo},
    year = {2017},
    note = {R package version 0.99.0},
    url = {https://github.com/minzheguo/SINCERA},
}

@Manual{rpythonr,
    title = {rPython: Package Allowing R to Call Python},
    author = {Carlos J. Gil Bellosta},
    year = {2015},
    note = {R package version 0.0-6},
    url = {https://CRAN.R-project.org/package=rPython},
}

@Manual{seuratr,
    title = {Seurat: Seurat : R toolkit for single cell genomics},
    author = {Rahul Satija},
    note = {R package version 1.4.0.14},
    url = {http://www.satijalab.org/seurat},
}

@Manual{pheatmapr,
    title = {pheatmap: Pretty Heatmaps},
    author = {Raivo Kolde},
    year = {2015},
    note = {R package version 1.0.8},
    url = {https://CRAN.R-project.org/package=pheatmap},
}

@Article{reshape2r,
    title = {Reshaping Data with the {reshape} Package},
    author = {Hadley Wickham},
    journal = {Journal of Statistical Software},
    year = {2007},
    volume = {21},
    number = {12},
    pages = {1--20},
    url = {http://www.jstatsoft.org/v21/i12/},
}

@Manual{e1071r,
    title = {e1071: Misc Functions of the Department of Statistics, Probability
Theory Group (Formerly: E1071), TU Wien},
    author = {David Meyer and Evgenia Dimitriadou and Kurt Hornik and Andreas Weingessel and Friedrich Leisch},
    year = {2017},
    note = {R package version 1.6-8},
    url = {https://CRAN.R-project.org/package=e1071},
}

@Manual{dbscanr,
    title = {dbscan: Density Based Clustering of Applications with Noise (DBSCAN) and
Related Algorithms},
    author = {Michael Hahsler and Matthew Piekenbrock},
    year = {2017},
    note = {R package version 1.1-1},
    url = {https://CRAN.R-project.org/package=dbscan},
}

@Article{nmfr,
    title = {A flexible R package for nonnegative matrix factorization},
    author = {Renaud Gaujoux and Cathal Seoighe},
    journal = {BMC Bioinformatics},
    year = {2010},
    url = {http://www.biomedcentral.com/1471-2105/11/367},
}

@Book{ggplot2r,
    author = {Hadley Wickham},
    title = {ggplot2: Elegant Graphics for Data Analysis},
    publisher = {Springer-Verlag New York},
    year = {2009},
    isbn = {978-0-387-98140-6},
    url = {http://ggplot2.org},
}

@Manual{rcolorbrewerr,
    title = {RColorBrewer: ColorBrewer Palettes},
    author = {Erich Neuwirth},
    year = {2014},
    note = {R package version 1.1-2},
    url = {https://CRAN.R-project.org/package=RColorBrewer},
}

@Manual{shinyr,
    title = {shiny: Web Application Framework for R},
    author = {Winston Chang and Joe Cheng and JJ Allaire and Yihui Xie and Jonathan McPherson},
    year = {2017},
    note = {R package version 1.0.3},
    url = {https://CRAN.R-project.org/package=shiny},
}

@Manual{genefilterr,
    title = {genefilter: genefilter: methods for filtering genes from high-throughput
experiments},
    author = {R. Gentleman and V. Carey and W. Huber and F. Hahne},
    year = {2016},
    note = {R package version 1.56.0},
}

@Manual{gplotsr,
    title = {gplots: Various R Programming Tools for Plotting Data},
    author = {Gregory R. Warnes and Ben Bolker and Lodewijk Bonebakker and Robert Gentleman and Wolfgang Huber Andy Liaw and Thomas Lumley and Martin Maechler and Arni Magnusson and Steffen Moeller and Marc Schwartz and Bill Venables},
    year = {2016},
    note = {R package version 3.0.1},
    url = {https://CRAN.R-project.org/package=gplots},
}

@Manual{calibrater,
    title = {calibrate: Calibration of Scatterplot and Biplot Axes},
    author = {Jan Graffelman},
    year = {2013},
    note = {R package version 1.7.2},
    url = {https://CRAN.R-project.org/package=calibrate},
}

@Manual{shinybsr,
    title = {shinyBS: Twitter Bootstrap Components for Shiny},
    author = {Eric Bailey},
    year = {2015},
    note = {R package version 0.61},
    url = {https://CRAN.R-project.org/package=shinyBS},
}

@Manual{shinythemesr,
    title = {shinythemes: Themes for Shiny},
    author = {Winston Chang},
    year = {2016},
    note = {R package version 1.1.1},
    url = {https://CRAN.R-project.org/package=shinythemes},
}

@Manual{shinydashboardr,
    title = {shinydashboard: Create Dashboards with 'Shiny'},
    author = {Winston Chang and Barbara {Borges Ribeiro}},
    year = {2017},
    note = {R package version 0.6.0},
    url = {https://CRAN.R-project.org/package=shinydashboard},
}

@Manual{shinyjsr,
    title = {shinyjs: Easily Improve the User Experience of Your Shiny Apps in Seconds},
    author = {Dean Attali},
    year = {2016},
    note = {R package version 0.9},
    url = {https://CRAN.R-project.org/package=shinyjs},
}

@Manual{dtr,
    title = {DT: A Wrapper of the JavaScript Library 'DataTables'},
    author = {Yihui Xie},
    year = {2016},
    note = {R package version 0.2},
    url = {https://CRAN.R-project.org/package=DT},
}

@Manual{shinycssloadersr,
    title = {shinycssloaders: Add CSS Loading Animations to 'shiny' Outputs},
    author = {Andras Sali},
    year = {2017},
    note = {R package version 0.2.0},
    url = {https://CRAN.R-project.org/package=shinycssloaders},
}

@Manual{shinydndr,
    title = {shinyDND: Shiny Drag-n-Drop},
    author = {Aaron Hoffer},
    year = {2016},
    note = {R package version 0.1.1},
    url = {https://github.com/ayayron/shinydnd},
}

@Manual{ggfortifyr,
    title = {ggfortify: Data Visualization Tools for Statistical Analysis Results},
    author = {Yuan Tang and Masaaki Horikoshi and and Wenxuan Li},
    year = {2016},
    url = {https://CRAN.R-project.org/package=ggfortify},
}

@Manual{ggbiplotr,
    title = {ggbiplot: A ggplot2 based biplot},
    author = {Vincent Q. Vu},
    year = {2011},
    note = {R package version 0.55},
    url = {http://github.com/vqv/ggbiplot},
}

@Article{plotrixr,
    year = {2006},
    title = {Plotrix: a package in the red light district of R},
    journal = {R-News},
    volume = {6},
    number = {4},
    pages = {8-12},
    author = {Lemon J},
}

@Manual{shinywidgetsr,
    title = {shinyWidgets: Custom Inputs Widgets for Shiny},
    author = {Victor Perrier and Fanny Meyer},
    note = {R package version 0.3.1.110},
    url = {https://github.com/dreamRs/shinyWidgets},
}

@Manual{foreachr,
    title = {foreach: Provides Foreach Looping Construct for R},
    author = {Revolution Analytics and Steve Weston},
    year = {2015},
    note = {R package version 1.4.3},
    url = {https://CRAN.R-project.org/package=foreach},
}

@article{parzen1962estimation,
  title={On estimation of a probability density function and mode},
  author={Parzen, Emanuel},
  journal={The annals of mathematical statistics},
  volume={33},
  number={3},
  pages={1065--1076},
  year={1962},
  publisher={JSTOR}
}